2967 4859
263 280 315 356 78
654 216 660 235 l
682 280 955 355 maurannus

266 453 351 521 1695
369 451 499 535 αἳματος
513 448 584 539 ι’ίχρι
600 457 702 531 καλῶς
713 452 940 540 ἠγωνισμένους

370 553 448 644 ὑπὲρ
462 562 615 640 σεβαστῆς
626 555 740 635 είκδνος
752 566 809 625 τοῦ
821 555 989 625 δεσπότου·

368 659 448 744 μεθ’
465 650 508 725 ὧν
524 666 630 749 σοφῶν
643 657 786 746 σύστημα
796 663 908 747 διπλῆς
919 658 1029 741 ἑξάδος

373 764 495 851 ἀνδρῶν
508 758 648 850 λογοῖδων
660 767 711 831 καί
727 762 923 833 διδασκάλων
939 761 1038 850 λόγων

372 867 431 933 abr
442 872 531 955 σφῶν
542 868 701 958 προέδριρ,
725 868 884 957 πρακτέων
898 866 1077 956 παραινίιςη,

272 972 358 1057 1700
375 972 572 1060 οίκοομενικρῖ
584 968 641 1055 τὴν
655 971 747 1056 τιμὴν
762 968 951 1061 διδασκάλῳ,

373 1076 516 1161 Χριστοῦ
528 1079 664 1166 παριστᾷ
678 1074 841 1163 μάρτυρας
854 1074 1088 1163 πυριφλίκτονς,

375 1177 461 1266 αὐτῷ
473 1170 564 1265 δόμιρ
573 1173 689 1265 φύλακι
703 1179 855 1245 παντοίων
865 1180 983 1262 βίβλων

376 1282 627 1368 σνγκοτοφλίξος
638 1287 722 1369 σφᾶς
735 1281 871 1370 ἀφειδῶς
883 1282 997 1359 ἀθέως.

377 1386 429 1449 καί
441 1386 473 1447 Γ
469 1384 600 1471 ερμονδν
613 1385 647 1449 δι’
660 1382 866 1469 ποιμενάρχην
880 1390 936 1451 τοῦ
948 1378 1078 1472 θρόνον,

276 1488 359 1553 1705
376 1494 422 1575 τῷ
436 1490 582 1567 δυσσεβεῖ
590 1485 720 1573 δόγματι
732 1489 778 1573 μὴ
792 1489 999 1573 πεπεισμίνον,

377 1586 491 1668 didace
506 1590 668 1676 ἀντίστησε
682 1598 721 1679 τῇ
734 1594 847 1679 ποίμνῃ
863 1588 965 1659 λιίκον.

377 1693 467 1761 ταῦτ’
486 1692 549 1782 ἄρα
559 1691 662 1780 Ῥώμη
674 1702 839 1782 πρεσβῦτις
850 1702 906 1779 τῆς
917 1692 996 1784 πρδς
1007 1691 1079 1760 νίαν

477 1836 546 1892 1702
557 1855 591 1891 eu
602 1837 712 1892 alterum
719 1838 886 1908 Byzantinus
896 1837 1074 1894 bibliothecae
1082 1834 1230 1889 incendium
1238 1834 1388 1889 meteone

440 1906 568 1970 Ῑεειιιίοο,
581 1915 644 1977 post
655 1909 765 1977 primum
777 1910 848 1978 quod
859 1908 958 1963 accidit
969 1910 1018 1961 sub
1030 1904 1158 1961 Basilisco
1168 1907 1211 1972 (s.
1219 1906 1314 1972 1007).
1335 1920 1388 1973 quo

441 1976 494 2029 iam
510 1976 594 2029 minus
610 1977 733 2031 miremur
747 1986 788 2032 tot
801 1986 921 2032 auctores
934 1977 1095 2047 sempiterno
1108 1975 1189 2027 exitio
1202 1972 1329 2044 periisse.
1348 1973 1387 2025 Μ.

478 2047 545 2100 1706
557 2044 598 2098 bis
608 2046 695 2115 lectis,
712 2064 781 2116 quaa
792 2049 825 2101 ob
837 2046 963 2105 Germani
974 2044 1140 2117 patriarchae
1153 2044 1330 2097 constantiam
1343 2060 1388 2094 or-

442 2112 648 2185 thodoxiamque
670 2114 880 2185 collaudandam,
907 2125 986 2186 atqua
1004 2117 1037 2168 ob
1055 2112 1154 2167 Leonis
1170 2112 1283 2167 Isaurici
1299 2111 1388 2181 impe-

442 2183 541 2237 ratoris
573 2184 779 2239 crudelissimam
812 2186 878 2240 haer
894 2186 942 2240 sim
977 2184 1165 2252 obiurgandum
1197 2180 1263 2234 dicit
1294 2190 1389 2235 noster

442 2252 636 2337 Eplarsemips,
661 2255 789 2339 puderet,
812 2204 908 2340 credi,
931 2254 955 2308 si
973 2254 1091 2321 viveret,
1110 2252 1243 2305 Gesacum
1261 2248 1388 2305 doctissi-

445 2320 1198 2462 tttttthtttrtqttttttttt'siluit
1207 2318 1406 2458 tottii·

447 2461 576 2514 Germani
590 2464 770 2531 pertinaciam
785 2464 922 2531 patienter
935 2462 1000 2515 tulit
1012 2460 1228 2513 clementissimus
1241 2459 1389 2527 imperator
1454 2468 1455 2511 l

445 2530 525 2596 (Leo
541 2530 710 2599 isauricus);
728 2550 790 2585 cusu
807 2549 868 2585 aero
884 2532 970 2585 nullis
987 2530 1103 2597 monitis,
1119 2528 1205 2581 nullis
1221 2526 1388 2581 documentis
1454 2574 1455 2599 ,

446 2600 596 2652 adsunam
613 2608 727 2653 mentera
745 2610 771 2653 et
788 2602 963 2655 obedientiam
978 2600 1091 2653 decretis
1106 2598 1244 2650 Caesareis
1260 2615 1293 2650 ac
1310 2613 1387 2665 synu-
1454 2602 1455 2609 ’

446 2668 515 2720 dicis
530 2670 845 2755 praestandamadduci
859 2678 962 2740 posset,
990 2684 1063 2755 apua
1080 2668 1186 2751 demum
1197 2668 1270 2749 JQO,
1295 2666 1388 2746 babitu

446 2735 1388 2880 titt‘etitt‘f‘tt'tlttttllttuttttttttttf

450 2891 513 2928 eccs
539 2876 608 2929 enim
633 2878 756 2931 Cavaeus
779 2876 866 2947 idem,
891 2876 1045 2949 pontificiae
1069 2874 1251 2941 auctoritatis,
1281 2882 1311 2928 ut
1335 2882 1386 2926 tum

448 2949 501 2997 um
523 2961 569 2997 ora
586 2955 676 3015 eraut,
694 2947 756 3001 odiu
773 2948 902 3017 imbutus,
920 2947 947 3001 in
965 2945 1132 3016 praefatione
1147 2959 1270 3012 quoque,
1287 2962 1317 3013 p.
1331 2957 1386 3005 xxi,

448 3012 491 3065 ins
533 3031 576 3066 um
600 3032 715 3069 errorem
740 3035 774 3069 ex
797 3016 883 3071 aliena
907 3016 1020 3069 ridicula
1042 3012 1170 3067 relatione
1194 3013 1292 3065 hausit.
1328 3011 1388 3081 quia

448 3083 516 3135 euim
545 3084 573 3136 in
595 3084 773 3138 bibliothecae
789 3087 934 3139 vaticanae
954 3083 1066 3155 publicis
1083 3082 1185 3151 legibus
1201 3081 1267 3135 illud
1284 3096 1387 3149 quoque

448 3152 598 3206 mandatnm
610 3163 660 3222 est,
677 3164 707 3208 ut
724 3172 741 3207 a
755 3154 852 3225 peritis
867 3154 1041 3224 scriptoribus
1058 3152 1160 3221 antiqui
1175 3150 1292 3217 codices,
1307 3151 1333 3203 si
1345 3146 1387 3217 qui

448 3221 522 3274 carie
539 3222 581 3275 vel
599 3224 651 3276 alio
669 3223 817 3277 chartarum
835 3223 902 3277 vitio
918 3222 1099 3277 vehementius
1117 3221 1250 3289 laborant,
1275 3219 1388 3287 diligen·

451 3300 495 3343 tar
512 3298 541 3344 st
556 3291 709 3346 fidelissime
725 3294 923 3363 exscribantur,
940 3299 1020 3362 atque
1035 3291 1075 3345 itu
1092 3298 1146 3343 tum
1161 3298 1240 3342 astus
1258 3286 1388 3359 exemplar

450 3366 505 3412 tum
531 3376 627 3415 novum
653 3362 727 3415 iuxta
750 3362 926 3431 custodiatur,
952 3361 1054 3414 idcum
1070 3376 1119 3413 suo
1137 3358 1253 3411 relatore
1269 3359 1388 3411 Cavaeus

451 3430 486 3481 ad
509 3427 609 3500 impias
632 3431 735 3484 fraudis
760 3432 935 3501 suspicionem
953 3430 1058 3499 oblique
1075 3427 1220 3495 convertit,
1249 3427 1327 3497 quasi
1344 3440 1388 3479 nos

451 3498 518 3552 adeo
535 3501 731 3569 corrumpendis
750 3500 901 3554 auctoribus
916 3499 1098 3583 indulgeamus
1115 3505 1144 3549 ut
1159 3496 1186 3549 ei
1202 3497 1243 3551 rai
1256 3496 1388 3567 proprium

450 3566 531 3620 etiam
554 3584 646 3622 munus
671 3579 700 3623 et
722 3570 866 3623 conductos
888 3570 1022 3639 stipendio
1046 3566 1164 3620 homines
1187 3564 1388 3620 decreverimus.

452 3650 506 3705 quo
530 3636 602 3691 dioto
626 3637 692 3760 ⁰3}ss
715 3638 924 3709 imprudentius,
951 3638 1017 3693 nihil
1037 3636 1115 3709 gravi
1133 3642 1241 3690 audere
1256 3633 1393 3706 indignim

451 3722 512 3759 ssse
526 3713 626 3776 potest.
675 3744 684 3763 .
988 3726 991 3733 ·

286 3822 341 3896 ipsi
363 3822 505 3894 plurimos,
530 3825 627 3893 (1695)
646 3825 702 3895 qui,
713 3831 822 3880 strenua
838 3843 923 3895 usque
939 3825 972 3881 ad
989 3824 1142 3895 sanguinem
1158 3826 1330 3877 certaverunt
1344 3834 1388 3891 pro

285 3895 439 3949 veneranda
462 3892 560 3947 domiai
581 3896 624 3949 sui
646 3896 771 3965 imagine.
806 3896 834 3949 in
855 3898 1014 3952 biscoctum
1032 3891 1345 3962 duodecimsapieutium
1360 3904 1388 3939 ac

286 3964 413 4018 docendis
436 3962 520 4017 literis
545 3964 769 4048 praepositorum,
796 3982 919 4021 cumsuo
937 3964 1104 4038 praesulcet
1121 3963 1195 4017 uitae
1217 3962 1387 4022 moderatore,

286 4036 382 4106 (1700)
404 4050 481 4102 quem
503 4032 625 4101 magistra
646 4034 808 4087 oecumenici
833 4038 946 4090 ornabat
967 4034 1100 4103 dignitas,
1127 4029 1228 4097 citrini
1245 4031 1388 4085 combustas

286 4111 419 4171 mrtyres
439 4103 547 4170 affecit,
571 4119 630 4156 cum
652 4102 814 4165 bibliotheca
837 4103 974 4165 librorum.
988 4102 1190 4157 instructissima
1207 4098 1275 4153 diris
1292 4096 1388 4167 impiis·

288 4188 341 4241 qus
364 4171 473 4225 flammis
496 4188 543 4225 sos
561 4174 714 4227 absumens.
750 4175 910 4229 Germanum
940 4190 1046 4243 quoque
1071 4169 1217 4241 praesulem
1240 4167 1388 4240 primarium

288 4240 385 4309 (1705)
404 4239 554 4309 irreligioso
571 4240 694 4309 dogmati·
704 4242 774 4295 haud
791 4243 976 4303 assentientem
994 4240 1110 4313 expulit,
1137 4248 1168 4293 et
1188 4256 1238 4307 pro
1256 4255 1289 4290 eo
1307 4237 1388 4305 lupun

288 4308 404 4364 obtrusit
428 4308 516 4380 gregi.
549 4309 647 4366 iccirco
670 4312 756 4367 Roma
775 4313 866 4369 seuinr
887 4312 1017 4370 adversus
1041 4328 1136 4377 uorem
1151 4306 1308 4363 dissociant
1324 4319 1387 4359 cou-
