2967 4859
271 267 348 341 268
690 271 959 342 EPHRAEMIUS

374 442 425 506 καὶ
442 441 588 527 τῶιιπερὶ
604 435 755 527 τράπεζαν
770 441 955 530 ᾐωρημένων

374 545 526 632 στέφανον
538 546 638 622 ἐνθεὶς
650 553 690 633 τῇ
703 549 793 634 κρατί
807 545 1007 634 παρανόμως,
1049 549 1054 561 “

272 647 355 713 6566
373 649 556 736 στεφανίτης
570 647 659 726 ἔξεισι
674 655 729 715 τοῦ
745 652 834 716 θείου
850 650 958 734 δόμου.
1063 632 1069 644 ’

372 754 423 817 καὶ
442 752 499 817 σὺν
519 754 656 843 φρατρίᾳ
668 755 720 818 καὶ
734 752 922 842 συνιστόρων
937 755 1048 842 στίφει,

373 854 469 922 ὄντων
484 852 641 938 ἐπισήμων
655 881 688 921 τε
702 862 852 943 λαμπρῶν
867 861 900 923 ἐκ
915 861 1028 944 γένους,

375 958 497 1026 εἴσεισιν
512 958 608 1035 εάθδς
621 961 665 1036 εἰς
675 957 825 1026 παλάτιον
836 962 925 1046 μέγα,

371 1073 436 1139 τοῖς
446 1067 618 1142 βασιλικοῖς
632 1061 839 1148 ἀναδούμενος
855 1062 986 1151 κρότοις.

271 1170 357 1235 6570
374 1169 425 1231 καὶ
440 1167 598 1248 βασιλείου
614 1168 750 1245 καθίσας
763 1169 812 1233 ἐπὶ
826 1167 945 1254 θρόνου

373 1269 459 1345 τινάς
472 1266 648 1354 ἐδωρήσατο
664 1275 820 1358 λαμπραῖς
835 1271 944 1350 ἀξίαις.

372 1371 391 1438 ό
406 1370 574 1459 συρφάκων
589 1371 681 1455 ὄχλος
695 1375 730 1439 δέ
743 1377 870 1440 καὶτῶν
886 1375 1062 1462 ξυγκλύδων

376 1478 437 1542 ἀνά
452 1475 624 1553 στενωποδς
637 1474 1010 1565 ἀμφόδουςΒυζαντίδος,

372 1581 451 1667 πρὸς
470 1579 503 1644 δ’
521 1571 561 1645 αὖ
575 1579 684 1664 ἀγυιὰς
697 1582 887 1667 ἐκτρέχοντες
901 1586 1033 1668 λιμένας,

269 1688 353 1752 6575
372 1681 557 1769 ἀνηγόρευον
568 1681 722 1749 Αὐσόνων
733 1686 866 1767 βασιλέα

373 1786 526 1875 ἐλευθέρῳ
542 1783 672 1870 στόματι
687 1785 774 1854 τόνδ’
791 1785 945 1872 Ἰωάννην,

372 1891 508 1967 τιθέντες
524 1892 566 1967 εές
581 1890 730 1978 ἅρπαγμα
745 1893 889 1976 λαμπρὰς
904 1893 1011 1970 οϊκίας.

373 1995 481 2070 νυκτὸς
495 1995 530 2059 δέ
539 1995 655 2077 χανδόν
670 1997 861 2082 ἐμφορηθεὶς
875 1994 1009 2081 ἀκράτου

372 2097 472 2180 παχδς
484 2098 597 2184 φρένας
609 2103 715 2182 κλῆσίν
727 2125 761 2165 τε
775 2095 922 2186 τάραννος
934 2101 1011 2180 νέος,

270 2204 356 2270 6580
372 2201 452 2278 ἀνείς
464 2225 497 2266 τε
510 2199 609 2279 πάλας
620 2202 745 2280 ἀνέτους
757 2199 936 2289 ἀνακτόρων

373 2303 528 2389 ὁπλιτικῆς
542 2302 699 2393 φάλαγγος
712 2307 944 2390 ἐσκεδασμένης,Ι

373 2407 487 2474 ἐλαθεν
499 2405 593 2488 ἀλοδς
605 2407 743 2488 ὁπλίταις
753 2410 906 2493 βασιλέως

372 2517 425 2579 καὶ
437 2512 494 2593 τὴν
507 2514 646 2600 κεφαλὴν
655 2516 792 2595 ἐκκοπεὶς
804 2514 994 2589 παναθλίως.

435 2617 500 2680 Καὶ
517 2617 639 2699 δέσμιος
655 2619 688 2683 δέ
700 2616 946 2706 πρωτοστράτωρ
959 2613 1159 2702 Καμμάτζης,

270 2719 355 2785 6585
374 2715 408 2783 ὃν
421 2717 551 2807 φθάσας
564 2717 646 2785 εἶπον
657 2731 722 2799 τοῖς
733 2723 861 2798 Μυσοῖς
872 2719 1032 2806 ἡλωκέναι,

375 2821 494 2909 εἱρκτῆς
506 2849 540 2890 τε
553 2827 675 2907 δεσμῶν
688 2828 828 2903 ἐκλυθεὶς
841 2826 926 2912 παρὰ
936 2822 1078 2911 Χράσου,

367 2924 429 2993 σὺν
444 2929 522 3016 τῷδ’
540 2927 748 3012 ἀπεστάτησεν
761 2926 914 2995 Αάοόνων
927 2927 1069 3017 κράτους,

370 3034 423 3097 καὶ
442 3042 629 3120 κατακρατεΐ
639 3035 832 3120 Πελαγονίας
847 3032 931 3116 ὅλης.

275 3140 282 3149 “
373 3137 497 3221 συνέσχε
513 3140 564 3202 καὶ
577 3139 742 3225 Πρίλαπον
755 3137 833 3205 ἀστυ
847 3135 971 3228 ῥηιδίως,

270 3348 316 3384 ora
338 3348 403 3384 ausu
423 3330 535 3384 scelesto
559 3331 686 3401 imposuit
706 3333 735 3385 in
753 3337 833 3402 caput
850 3347 942 3400 suun,
968 3330 1065 3398 (6565)
1083 3335 1163 3400 atqua
1180 3330 1220 3384 ita
1237 3335 1373 3384 coronatus

270 3400 367 3468 templo
390 3400 474 3464 oxiit3
498 3410 525 3453 ot
549 3419 605 3454 curn
629 3403 738 3455 favente
760 3402 912 3470 conspirato
931 3400 1008 3470 globo
1027 3401 1158 3453 hominum
1180 3401 1373 3468 splendidorum

270 3471 304 3522 ds
321 3468 405 3521 classe
423 3470 514 3538 nobili,
533 3481 607 3524 rocta
623 3471 754 3541 processit
771 3471 804 3524 ad
823 3471 947 3541 palatium
965 3487 1095 3538 magnum,
1113 3469 1250 3539 plausibus
1269 3487 1373 3523 concre-

269 3538 396 3610 pantibus
411 3537 441 3590 in
458 3556 553 3592 morem
572 3541 682 3610 regium.
718 3541 815 3608 (6576)
833 3558 893 3592 rnox
911 3557 967 3592 cunr
987 3539 1071 3608 regali
1089 3539 1256 3592 consedisset
1272 3540 1372 3604 throno,

270 3607 415 3679 splendidis
433 3609 559 3676 quosdam
576 3610 687 3662 donavit
701 3611 885 3678 dignitatibus.
918 3609 1033 3661 miscella
1050 3626 1115 3662 voro
1131 3607 1223 3678 populi
1241 3608 1373 3672 colluvies,

270 3696 320 3747 per
342 3677 497 3746 angiportus
523 3679 581 3732 vias
607 3679 735 3747 vicosque
758 3679 831 3732 urbis
848 3696 950 3748 perque
968 3679 1069 3748 plateas
1087 3694 1197 3730 currens
1215 3684 1297 3746 atquo
1315 3695 1373 3745 por-

270 3758 331 3813 tus,
359 3748 456 3814 (6575)
478 3748 622 3801 Romanurn
640 3749 814 3818 proclamavit
830 3749 1013 3817 imperatorem
1032 3749 1117 3800 libera
1132 3746 1224 3814 lingua
1240 3747 1372 3800 clamitans

269 3817 339 3869 huno
365 3817 504 3885 Ioannem,
533 3825 561 3870 et
583 3818 660 3870 simul
684 3817 822 3886 opulentas
845 3817 976 3889 spoliabat
993 3817 1094 3873 domos.
1130 3833 1222 3868 vorum
1248 3825 1372 3884 sequente

269 3894 347 3939 nocta
363 3903 434 3938 rnero
452 3903 595 3956 oppressus
612 3903 717 3939 crassus
735 3887 779 3939 hic
796 3897 881 3940 monto
899 3895 927 3940 ot
943 3887 1048 3939 nomino
1064 3894 1203 3953 tyrannus,
1224 3885 1320 3951 (6580)
1332 3901 1372 3936 ra-

269 3952 1373 4097 tilttt'llltli‘,3lull:{illl’0{lullutltlusstttll‘t‘

366 4065 374 4093 ‚
1443 4065 1444 4070 ,

269 4094 340 4148 tulit.
863 4132 867 4142 .

339 4162 507 4232 Carumytzes
548 4180 635 4232 noque
651 4170 845 4234 protostrator,
872 4172 972 4218 tontum
996 4162 1093 4231 (6585)
1116 4179 1193 4231 quem
1215 4177 1298 4229 supra
1322 4158 1370 4212 diri

269 4221 299 4285 il
316 4231 428 4285 vinculis
445 4233 515 4300 apud
529 4182 654 4301 ἀλοοοοο,
680 4234 793 4286 affraoto
817 4234 869 4286 sibi
887 4233 987 4300 Chrysi
1004 4248 1080 4284 runnu
1098 4248 1223 4298 cursare,
1252 4247 1313 4282 oum
1327 4230 1370 4280 lios
1443 4243 1444 4252 ³

270 4300 426 4371 conspirans
446 4301 546 4355 defecit
569 4321 586 4356 a
602 4307 738 4370 Caesare,
767 4312 794 4358 at
811 4303 982 4374 Pelagoniam
1000 4310 1118 4356 cunctam
1139 4299 1299 4370 occupavit3
1321 4307 1368 4352 tun

1435 4719 1445 4798 ι
