2967 4859
277 276 335 343 DE
359 276 650 348 DlOGLETIANO
675 280 731 349 El*
757 282 1073 358 consummo,
1183 288 1232 359 21

134 448 197 514 285
222 447 439 534 πανωλεθρίαν
452 452 548 515 τῶνδε
561 456 620 537 φεῦ
634 453 826 541 κατακρίνας.

222 548 366 616 κοινωνόν
380 542 469 629 οὗτος
481 558 538 619 τοῦ
551 550 682 641 κράτους
695 552 927 645 προσλαμβάνει

223 654 382 734 Λικίνιον,
406 652 610 734 Κάναταντυς
625 660 753 745 αίσχρὸν
767 663 911 749 νυμφίαν,

221 755 316 823 κακόν
330 783 359 822 τι
374 758 564 847 τερμόρειον,
585 759 718 843 εὐσεβῶν
733 762 871 851 φθόρον·

220 862 273 926 καὶ
286 857 461 940 Μαξόντιος
472 853 510 947 ἦν
522 862 588 941 ἴσος
600 862 720 943 τούτοις
732 866 875 955 τρόπους,
937 942 942 952 .

128 966 194 1031 290
217 966 271 1030 καὶ
280 962 491 1051 χριστομάχος
502 968 554 1032 καὶ
567 965 732 1056 μιαιφόνος
744 970 853 1039 πλέον’

217 1066 308 1156 τριάς
321 1067 429 1155 ἐναγὴς
444 1068 576 1154 εὖσεβῶν
589 1072 751 1161 ἀναιρίτις,

217 1166 314 1259 ἥνπερ
329 1176 482 1258 μετῆλθεν
496 1174 619 1253 ἐνδίκως
633 1178 707 1243 θεία
722 1179 803 1265 δίκη.

483 1335 712 1400 ,Κανσταντῒνος
727 1333 775 1406 ἔτη
792 1334 846 1407 λό’.

211 1440 253 1511 ‘O
267 1444 369 1511 τοίνυν
383 1441 535 1523 Κῶνστας
550 1454 594 1535 τῷ
610 1447 689 1538 γόνιρ
708 1449 930 1540 Κωνσταντίνιρ

214 1545 286 1631 βίον
302 1554 447 1615 τελευτῶν
464 1552 636 1617 καταλείπει
652 1553 688 1617 τό
706 1549 829 1639 κράτος,

125 1648 188 1717 295
214 1649 252 1716 ὃν
267 1652 301 1729 ἐξ
312 1648 435 1737 Ἑλένης
449 1650 519 1736 ἴσχε
532 1660 593 1719 τῶν
609 1651 748 1742 πρόσθεν
763 1652 886 1741 γάμιυν·

213 1745 254 1821 οὗ
265 1751 360 1842 χάριν
375 1758 466 1821 sinsin
481 1756 518 1821 οὗ
534 1758 692 1845 περίεργον
708 1756 789 1841 τάχα

212 1854 342 1924 κλάουσι
354 1858 544 1948 προσγένοιτ’
560 1858 599 1925 tv
615 1859 818 1945 εόεπηβόλως,

211 1958 298 2038 ὅπως
312 1986 345 2025 τε
362 1962 498 2027 διίθυνεν
513 1962 612 2050 ἀρχῆς
627 1964 662 2030 τὸ
680 1962 802 2053 σκάφος

212 2066 266 2129 καί
282 2065 492 2151 προσδραμεῖν
505 2063 621 2153 ὑπῆρξε
636 2069 768 2155 Χριστῷ
784 2061 927 2156 δεσπότῃ.

123 2168 186 2232 300
211 2166 313 2253 ἀρχὴν
327 2168 384 2250 μὲν
399 2159 489 2244 οὗτος
502 2167 660 2255 πατρόθεν
677 2170 855 2257 δεδεγμένος
968 2245 971 2252 ‚

210 2273 307 2335 διεῖπε
323 2274 427 2347 καλῶς
441 2271 558 2337 συνέσει
572 2276 778 2359 στρατηγίαις,

207 2371 255 2439 ’ἔτι
270 2374 327 2456 μίν
343 2371 496 2458 ἀμύητος,
523 2364 557 2439 εὖ
573 2382 694 2462 φρενῶν
709 2376 743 2442 δ’
763 2373 850 2457 ἔβρυον,

205 2474 253 2553 ῶς
269 2478 303 2553 ἐξ
319 2474 414 2541 utiensi
431 2477 676 2561 συλλογίσασθαι
693 2478 772 2557 δίον,

208 2576 254 2656 ῶς
268 2576 396 2667 ὕστερον
412 2578 526 2663 όέδειχε
544 2576 731 2666 πραγμάτων
747 2580 860 2668 πέρας·

124 2679 183 2746 805
206 2690 304 2768 τριῶν
320 2682 353 2747 l’
371 2678 510 2747 ὑπόντων
527 2679 763 2772 αότοκρατόριον
781 2680 859 2762 τότε,

205 2783 319 2851 τοότου
337 2786 516 2862 Μαξεντίου
532 2809 564 2849 τε
580 2788 632 2849 καὶ
648 2788 806 2865 Λικινίου,

206 2886 252 2967 ῶς
265 2888 446 2972 Μαξιμίνου
460 2887 515 2953 τόν
529 2889 598 3001 βίον
611 2887 787 2967 λελοιπότος

269 3048 322 3103 287
348 3042 536 3108 Κάνστυυτοτ
551 3047 650 3118 σοιλοοτ.Ι
681 3048 758 3120 atqui
772 3046 893 3104 Licinius
910 3042 1085 3102 constantiae
1100 3058 1214 3116 spem

268 3120 342 3187 erat,
360 3133 445 3187 gener
457 3116 618 3173 Constantii.
634 3118 675 3173 Μ.
777 3119 787 3148 ⁸

110 3252 227 3309 cnnlun.
261 3252 307 3309 laic
330 3254 360 3307 iu
382 3252 490 3325 imperii
511 3260 614 3325 partem
634 3254 778 3310 advocavit
795 3253 947 3312 Constantii
965 3254 1072 3308 foedum
1088 3267 1214 3323 ganesun

110 3319 249 3393 Licinium,
275 3324 369 3378 malum
393 3330 537 3378 monstrum
562 3330 590 3377 et
610 3325 715 3395 piorum
737 3325 856 3379 exitium.
890 3327 939 3379 hos
962 3321 1113 3380 Maxentius
1131 3322 1213 3375 adae-

110 3393 202 3457 quabat
223 3390 280 3447 suis
302 3394 435 3462 moribus,
460 3393 539 3463 (290)
561 3393 774 3449 Christianorum
797 3393 883 3450 hostis
904 3400 933 3449 et
953 3410 1048 3447 saevus
1069 3390 1211 3445 homicida.

108 3454 164 3583 ilii!
178 3462 365 3587 {usstandan
381 3462 510 3533 triadem,
525 3462 636 3535 pietatis
652 3462 753 3525 labem!
777 3482 854 3535 quam
871 3471 993 3520 macuta
1009 3469 1051 3517 est
1068 3459 1212 3515 iustissima

154 3547 168 3584 0
203 3550 240 3588 01·
500 3556 503 3564 '

495 3651 691 3707 &annuntiatus
701 3669 756 3706 σα.
773 3652 818 3709 32.

171 3732 244 3805 Ergo
266 3734 439 3791 Constantius
453 3743 564 3791 nortem
581 3754 639 3791 cum
656 3736 714 3791 vita
730 3745 833 3793 mutam
849 3736 986 3815 inperium
1002 3736 1057 3791 filio
1075 3737 1208 3791 constan-

109 3796 161 3853 tine
178 3804 304 3877 tradidit,
329 3806 407 3874 (295)
425 3822 503 3876 quem
520 3824 553 3859 ex
570 3807 660 3876 priore
676 3813 833 3878 susceperat
853 3808 973 3861 Helenae
996 3807 1135 3877 coniugi03
1160 3805 1207 3873 qui

109 3874 231 3936 quomodo
248 3875 289 3929 rei
305 3874 429 3944 publicae
444 3874 579 3945 navigium
594 3876 696 3931 rexerit
711 3879 863 3948 pdmusque
879 3878 912 3930 ad
928 3876 1062 3932 Christum
1077 3874 1208 3929 dominum

108 3951 153 3990 rex
169 3943 326 4012 accesserit,
352 3944 443 3999 dicere
459 3963 512 3999 non
530 3946 597 4016 erit,
623 3955 653 4000 ut
669 3963 746 4014 reor,
770 3962 1009 4018 supervacaneum,
1033 3952 1113 4015 atque
1130 3943 1206 3998 audi-

109 4005 170 4060 turis
193 4012 332 4066 absurdum
348 4031 402 4066 non
418 4014 563 4068 videbitur.
598 4015 676 4083 (300)
701 4016 784 4086 igitur
807 4016 851 4070 hic
873 4034 929 4070 rem
949 4016 1080 4086 publicam
1097 4031 1113 4067 a
1130 4021 1209 4083 patra

108 4074 224 4135 traditam
240 4082 375 4153 praeclare
393 4086 560 4153 gubernabat
576 4084 654 4137 armis
672 4092 700 4138 et
715 4085 842 4154 consilio,
867 4084 1135 4151 conuenientius,
1159 4084 1207 4137 sed

108 4146 187 4201 lunen
200 4160 274 4205 recte
288 4152 422 4222 sentiens,
448 4154 519 4223 qued
536 4171 569 4207 ex
585 4153 699 4224 ipsomet
714 4156 780 4209 satis
798 4154 930 4209 coniicere
944 4154 1056 4222 licebat,
1081 4161 1161 4222 atque
1177 4159 1207 4206 ut

108 4224 188 4270 rerum
210 4219 297 4274 exitus
320 4222 416 4275 deiude
433 4222 533 4279 docuit.
568 4222 647 4305 (305)
673 4224 725 4277 iam
746 4241 804 4278 cum
821 4224 994 4295 imperatores
1010 4230 1065 4278 tres
1082 4232 1146 4277 tuuc
1162 4238 1205 4275 es-

109 4288 177 4355 ¹tut,
193 4286 381 4349 Constantinus
395 4290 547 4351 Maxentius
566 4300 593 4350 et
608 4292 745 4365 Licinius,
762 4294 825 4365 quie
840 4291 893 4349 iau
906 4292 1067 4349 Maximinus
1084 4294 1140 4347 vitu
1157 4307 1205 4346 ex-
