2967 4859
393 266 452 332 DE
477 267 725 340 THEODORO
752 271 936 344 Luscum.
1149 277 1223 348 295
1310 267 1317 288 '

217 431 339 500 άνωθεν
355 434 457 519 αὖχαῖν
472 435 551 505 άστυ
565 440 699 528 πατρίδα
711 440 794 522 τόδε,

215 537 310 625 Ἔρρῇ
325 537 471 625 συνάψας
484 544 633 609 Λατίνων
647 545 734 634 ἀρχῷ
749 546 851 634 μάχην

219 638 252 705 ἕν
267 668 325 706 τινι
336 639 432 732 χάρη)
446 651 490 732 τῷ
503 646 580 733 πρὸς
590 647 799 738 Ἀτραμυττίηι

221 744 315 822 attic
327 743 426 835 μόρον
438 749 567 838 πέφευγε
581 750 634 816 τὸν
646 752 679 816 ἔκ
691 759 748 818 τοῦ
762 756 880 842 ξίφους,

104 848 200 913 7270
220 847 309 913 οὐδὲν
321 850 356 914 δὲ
366 859 452 932 μεῖον
465 854 517 918 καὶ
529 849 617 930 πόλις
630 855 767 942 άνωτέρα

218 957 275 1036 τῆς
286 951 411 1018 Ἰταλῶν
426 953 520 1035 ἴμεινε
537 959 726 1044 κυριαρχίας.

280 1056 463 1143 Μαρκίσιος
475 1059 509 1123 δὲ
519 1059 575 1136 τὰς
587 1060 665 1146 πρὸς
677 1059 811 1148 ἓσπίραν
822 1057 924 1138 πόλεις

217 1156 314 1243 αἱρῶν
324 1155 420 1245 ὑπῆγε
434 1167 478 1249 τῷ
491 1160 596 1249 κράτει
609 1170 670 1228 τῶν
680 1166 840 1243 Λατίνων,

215 1257 294 1345 ἔχων
305 1261 458 1348 ποδηγοός
472 1291 556 1342 τινας
567 1267 600 1330 dx
612 1273 674 1333 τῶν
687 1265 849 1334 Αόσόνων.

104 1363 197 1429 7275
217 1365 314 1430 Λίων
327 1367 361 1430 δὲ
376 1367 514 1455 Σγουρδς
527 1367 723 1448 ὖποκαδίσας
736 1369 828 1454 λόχον

216 1470 249 1534 ἓν
267 1467 484 1555 Θερμοπόλαις
494 1472 632 1557 Ἀττικῆς
645 1479 690 1562 τῷ
700 1477 808 1562 χωρίῳ

215 1570 294 1658 πρὸς
309 1574 406 1655 δῆθεν
422 1574 587 1659 άντίμαχον
596 1577 721 1644 Ἰταλῶν
733 1575 850 1661 μάχην,

213 1676 312 1758 μηδὲν
325 1677 359 1741 δὲ
371 1676 506 1761 γενναῖόν
517 1705 547 1748 τι
561 1682 611 1744 καὶ
626 1677 745 1764 δράσας
759 1679 848 1757 ὅλως,

213 1779 331 1843 ἐκεῖθεν
341 1783 384 1856 εἷς
396 1778 556 1866 Κόρινθον
566 1780 661 1871 η’ίχετο
673 1785 803 1870 τρίχων·

105 1881 195 1943 7280
213 1880 249 1958 ὃς
262 1881 353 1968 ἓξίφυ
365 1884 421 1965 μίν
434 1885 466 1948 da
480 1886 625 1966 κλίματος
638 1889 814 1964 Ναυπλίου,

212 1983 360 2073 πατρῴας
375 1984 479 2074 άρχων
495 1988 620 2075 μετρίας
633 1991 826 2076 κληρουχίας,

212 2089 375 2180 ἇνωμαλίηι
386 2097 508 2178 καιρικῇ
521 2092 554 2156 dd
565 2090 754 2178 πραγμάτων

213 2197 301 2283 φορᾷ
311 2217 343 2258 τε
355 2190 449 2277 τύχης
463 2191 598 2260 ἀστάτου
612 2201 663 2259 καί
677 2193 821 2280 συγχύσει

213 2296 261 2360 ἀεὶ
274 2293 389 2382 προῖιδν
402 2299 434 2362 ἔκ
448 2303 564 2383 μικροῦ
573 2283 667 2382 μίγας
680 2297 750 2384 ἴφυ.

105 2401 193 2464 7285
212 2401 345 2486 λη’ίζεται
361 2400 460 2465 δὲκαὶ
476 2402 652 2488 Κορινθίων
666 2399 764 2479 πόλιν,

206 2501 316 2588 ’Άργος
328 2501 542 2590 παρεστήσατο
557 2511 617 2569 πᾶν
626 2506 812 2592 λησταρχίη.

212 2606 298 2682 τέλος
312 2605 542 2695 προσαρράσσει
555 2609 588 2673 δὲ
602 2611 654 2674 καὶ
669 2619 736 2685 ταῖς
747 2605 909 2691 Ἀθήναις·

212 2708 283 2774 ἀλλ’
298 2708 522 2796 ἀποκρουσθεὶς
534 2711 749 2798 άρχιποιμίνυς
762 2707 863 2795 λόγοις

212 2818 268 2878 τοῦ
282 2811 460 2880 Χωνειάτου
478 2815 611 2898 Μιχαὴλ
626 2822 680 2880 τοῦ
695 2813 868 2900 πανσόφου,

106 2917 194 2981 7290
213 2911 336 2998 Θήβαις
348 2917 471 3008 ε’φυρμᾷ
482 2918 597 3001 ταχέως
610 2914 804 2994 ἓπταπόλοις.
865 2971 869 2981 ,

212 3021 265 3084 καὶ
276 3014 370 3085 τάσδε
385 3020 507 3104 συσχιδν
519 3020 618 3110 ῥᾷστα
630 3029 686 3104 τῆς
698 3019 800 3102 μάχης
811 3014 906 3106 νόμην,

211 3122 289 3210 πρὸς
304 3125 472 3210 Λαρίσσης
486 3124 578 3201 ἔξεισι
591 3123 649 3201 τὰς
662 3122 829 3202 διεξόδους,

107 3316 187 3384 mine,
204 3318 314 3386 generis
327 3317 437 3389 stirpem
455 3322 489 3374 ab
506 3320 556 3374 hac
570 3320 637 3374 urbe
654 3323 789 3389 repetens,
807 3332 897 3388 pugna
913 3319 1036 3370 conserta
1050 3333 1107 3370 cunr
1117 3314 1217 3385 ¹Latino
1320 3369 1323 3377 ,

106 3388 204 3440 Errico
222 3391 335 3457 quodam
352 3389 380 3442 in
396 3389 455 3442 loco
473 3391 542 3444 baud
560 3389 652 3460 procul
668 3387 846 3456 Atramyttio,
865 3385 993 3508 ipse-vix·
1005 3387 1109 3455 quidem
1127 3405 1217 3440 necorn

106 3456 237 3577 ηνὶεονίλ,
263 3459 361 3526 (7270)
376 3459 459 3513 nihilo
475 3469 562 3513 manen
579 3460 664 3513 minus
682 3458 741 3528 ipsa
759 3458 855 3510 civitas
895 3461 967 3508 atino
985 3456 1104 3510 immunis
1121 3457 1218 3510 mansit

124 3525 251 3582 ominata.

176 3595 286 3650 Interim
303 3594 418 3648 marchio
434 3596 580 3667 Hesperias
595 3594 718 3650 civitates
730 3594 832 3649 bellans
845 3593 942 3650 Latino
954 3592 1095 3663 subigebat
1108 3592 1215 3663 nornini,

105 3662 263 3729 quibusdam
280 3664 379 3717 nostris
397 3672 475 3718 utens
490 3665 551 3718 viae
566 3665 687 3718 ducibus.
723 3665 819 3732 (7275)
841 3665 944 3733 Sgnrus
966 3671 1051 3717 autern
1070 3662 1140 3730 Leo,
1168 3681 1215 3716 cc·

107 3731 184 3784 horte
201 3733 327 3802 imposita
342 3731 447 3788 Atticae
459 3734 518 3787 loco
534 3733 634 3787 celebri
651 3733 856 3805 Thermopylis,
882 3739 913 3786 ut
933 3732 972 3786 ibi
988 3731 1122 3800 proelians
1139 3732 1216 3786 Italis

106 3800 261 3869 resisteret,
286 3801 355 3854 nullu
378 3821 409 3856 rs
431 3803 513 3872 digna
534 3803 659 3858 laudibus
681 3811 787 3874 patrata
807 3801 904 3872 raptim
926 3801 1080 3855 Corinthum
1102 3801 1166 3868 fuga
1186 3819 1216 3854 se

106 3871 250 3940 proripuit.
285 3871 379 3938 (7280)
403 3872 447 3926 hic
471 3879 531 3926 erat
553 3880 627 3926 onus
651 3872 763 3942 Nauplii
786 3873 912 3940 regione,
935 3871 1063 3924 modicum
1087 3876 1178 3922 nactus
1197 3889 1215 3924 a

107 3945 190 4003 patre·
215 3940 403 4010 principatum:
439 3959 529 3996 verunt
559 3942 698 4012 reciproco
728 3949 874 4010 temporum
898 3939 1007 4009 euripo,
1041 3948 1213 4008 praepostero

108 4007 235 4076 varioque
260 4011 384 4063 ionunae
407 4029 499 4081 cursu,
527 4028 612 4081 usque
636 4011 811 4081 progrediens
835 4025 944 4079 magnus
969 4027 985 4062 s
1009 4024 1091 4078 parvo
1117 4007 1213 4061 evasit.

108 4076 205 4144 (7285)
221 4078 244 4130 is
259 4086 288 4134 et
302 4079 458 4134 Corinthum
474 4080 600 4152 oppidum
616 4080 736 4150 diripuit,
755 4087 783 4133 et
798 4078 884 4148 Argos
901 4076 979 4132 simili
994 4075 1117 4151 posthinc
1129 4076 1214 4130 latro-

108 4142 188 4197 cinio.
224 4153 356 4217 postremo
373 4150 491 4204 Athenas
508 4149 586 4203 etianr
602 4149 756 4217 invadebat,
773 4165 864 4202 verum
881 4146 1002 4218 repulsus
1018 4145 1107 4198 verbis
1125 4146 1214 4198 archi-

108 4214 253 4284 praesulis,
278 4215 416 4272 Michailis
439 4220 589 4274 choniates
612 4217 816 4290 sapientissimi,
842 4218 938 4286 (7290)
960 4215 1068 4269 Thebas
1091 4215 1214 4270 celeriter

110 4285 225 4339 excurrit
245 4294 346 4360 septen
370 4288 456 4359 portis
477 4288 636 4360 instructas,
662 4305 760 4362 easque
779 4287 832 4344 sibi
847 4285 922 4341 facili
937 4283 1007 4340 bello
1024 4283 1151 4340 vindicat.
1187 4291 1215 4340 et
