2967 4859
106 287 170 356 DE
183 287 373 360 ANDRON.
388 285 520 356 GOMN.
533 283 624 356 CUM
634 285 797 355 auuon
808 284 1019 356 MANUELIS
1032 286 1111 356 Fll..
1146 284 1225 361 207

216 458 434 544 καθιίργνοται
449 458 502 536 δί,
528 464 588 548 φεῦ
602 456 697 544 τάχης
710 463 767 544 τῆς
780 454 927 538 ἀστάτου,

215 560 471 650 πρωτοστβαστδς
485 562 516 628 ἓν
529 563 635 645 μίσοις
649 561 839 650 ἀνακτόροις,

107 663 199 734 4970
217 668 267 730 καὶ
281 666 441 748 σβέννυται
455 665 493 749 δὴ
506 666 563 744 τάς
576 663 671 755 κόρας
682 674 743 733 τῶν
756 663 916 749 ὀμμάτων,

211 769 405 857 Ἀνδρονίκου
421 760 651 856 κρίναντος.ῶδ’
669 767 844 837 ἀποστάται

214 871 292 956 μετά
307 879 439 958 φαεινῶν
453 877 624 960 προκρίτων
636 875 808 960 γερουσίας.

216 973 301 1054 ὅστις
316 975 413 1063 ἀπῆρε
429 976 507 1063 πρὸς
522 973 609 1042 πόλιν
622 979 781 1059 βασιλίδα,

215 1082 266 1145 καὶ
280 1085 323 1166 τῷ
335 1083 462 1162 βασιλεῖ
470 1077 674 1167 προσκύνησιν
687 1081 851 1168 προσνέμοι

106 1180 198 1250 4975
213 1188 364 1266 βαθεῖαν,
388 1183 430 1259 είς
443 1189 498 1268 γῆν
512 1187 656 1262 convicia
669 1187 720 1249 καὶ
733 1181 887 1272 δακρόων.

213 1291 322 1352 κοινῶν
335 1284 436 1352 ἔπειτα
450 1284 637 1373 πραγμάτων
651 1289 855 1376 δεδραγμένος

213 1391 323 1478 ἐχρῆτο
337 1391 440 1455 τοῖσδε
454 1387 541 1455 καθά
556 1390 585 1456 οἶ
599 1392 790 1475 δεδογμένον,

213 1495 399 1578 κυνηγεσίοις
412 1499 539 1575 βασιλεῖ
549 1495 748 1582 προσανίχειν

214 1595 319 1673 ε’νδοδς
335 1593 351 1661 ό
366 1595 461 1674 δεινός
473 1599 610 1675 παιδιαῖς
623 1623 654 1664 τε
669 1591 861 1687 προσφόροις

104 1699 197 1769 4980
212 1698 290 1784 μετά
307 1697 452 1786 φυλάκων
465 1703 623 1784 δυσμενῶν
635 1698 847 1768 κατασκόπων.

269 1801 384 1868 ’Encas'
402 1802 571 1882 άνιζῶσατο
586 1813 694 1870 κοινῶν
710 1806 859 1893 φροντίδα

212 1912 334 1992 βροτῶν
344 1905 544 1992 Ἐριννδςικαὶ
560 1909 744 1993 φιλαίματος
758 1906 839 1973 κάων

213 2009 320 2098 ῥίκτης
335 2035 367 2075 τε
382 2015 484 2075 κακῶν
495 2007 703 2097 Ἀνδρόνικος,
727 2009 753 2076 ῶ
771 2010 905 2091 πάθους,

213 2114 264 2177 καὶ
280 2119 420 2200 φανερῶς
435 2111 541 2196 ἥψατο
554 2121 609 2198 τῆς
622 2115 811 2200 τυραννίδος.

107 2215 196 2286 4985
214 2214 371 2300 ἀμείβεται
383 2217 439 2299 μὲν
454 2218 583 2301 δωρεαῖς
595 2213 707 2304 ἀβραῖς
719 2213 800 2281 πάνυ

212 2317 326 2396 ἀλλους
339 2345 370 2385 τι
384 2319 516 2396 πολλοὺς
529 2322 581 2386 καὶ
595 2320 685 2385 πλέον
696 2314 909 2408 Παφλαγόνος

212 2423 286 2500 τοὺς
300 2425 378 2512 τῶδε
394 2421 632 2510 συμπράξαντας
645 2423 845 2503 ἀποστασίαν,

211 2534 287 2618 τιμᾷ
302 2527 336 2592 δὲ
352 2531 508 2614 λαμπραῖς
522 2530 572 2592 καὶ
588 2525 737 2613 μεγάλαις
751 2526 851 2605 ἀξίαις

211 2629 265 2707 σός
281 2627 339 2713 εἶχε
353 2631 479 2708 πιστοδς
491 2633 542 2697 καί
557 2629 720 2718 συνεργοὺς
727 2633 850 2707 κακίας.

106 2732 194 2801 4990
211 2732 332 2820 ἀνδρῶν
344 2734 483 2822 ἐριτίμων
498 2735 531 2800 δὲ
544 2737 595 2801 καὶ
609 2741 757 2823 λαμπρῶν
769 2735 847 2820 γίνει

213 2837 242 2902 oi
256 2837 312 2922 μὲν
328 2843 479 2924 φυλακαῖς
491 2839 737 2934 ίγκαθείργνυνθ
756 2834 884 2924 ἀλόγως,

212 2939 242 3006 οἱ
260 2941 291 3005 δ’
309 2942 406 3018 οἰκίας
419 2966 451 3006 τι
464 2949 616 3027 συγγενῶν
629 2944 681 3008 καὶ
694 2943 840 3028 πατρίδος

210 3041 333 3131 μακράν
349 3041 557 3128 ἀπηλαύνοντο
568 3048 666 3134 χωρὶς
678 3046 789 3125 αἶτίας,

271 3239 341 3296 4968
356 3239 409 3310 τῆς
424 3237 510 3311 aalma
525 3240 578 3311 τῆς
593 3239 619 3293 V
720 3239 791 3296 4975
806 3237 977 3303 τανυσθελςῖ

106 3433 124 3469 c
147 3402 279 3468 ionunae'
293 3413 483 3468 inconstantia!
507 3413 707 3484 protosebastos
728 3413 804 3481 regio
828 3413 857 3466 in
878 3409 995 3482 palatio,
1021 3411 1115 3481 (4970)
1131 3413 1212 3484 eique

105 3483 193 3538 lumen
220 3484 353 3538 oculorum
380 3483 574 3554 exstinguitur,
605 3483 646 3536 alc
670 3482 830 3536 decernente
855 3479 1005 3534 Andronico
1027 3482 1128 3536 rebelle
1154 3501 1212 3538 cum

106 3552 301 3624 splendidorum
322 3569 459 3624 procerum
477 3567 583 3607 corona.
618 3561 672 3606 tum
694 3552 754 3622 ipse
772 3553 804 3604 ad
822 3553 914 3605 urbem
932 3551 1085 3606 adventavit
1101 3553 1212 3622 regiam,

105 3621 218 3691 regique
243 3621 340 3676 humile
364 3623 461 3676 obtulit
483 3620 650 3691 obsequium,
680 3621 776 3689 (4975)
802 3620 874 3674 humi
896 3628 1061 3691 prostratus,
1091 3621 1212 3676 lacrimas

105 3690 281 3764 profundens.
316 3691 378 3745 eain
402 3691 534 3762 correptis
556 3691 597 3744 rei
619 3689 740 3762 publicae
765 3690 877 3744 bubenia
902 3689 993 3760 coepit
1015 3691 1050 3744 ad
1073 3691 1212 3746 arbitrium

107 3767 202 3814 cuncta
229 3777 304 3814 suum
332 3778 438 3829 gerere.
474 3770 502 3814 et
527 3777 617 3830 regem
646 3760 751 3829 quidam
775 3761 923 3830 occupabat
947 3761 1086 3814 venatibus
1109 3770 1213 3816 astutus

106 3830 183 3884 homo
202 3839 229 3884 et
245 3829 347 3883 lusibus
363 3828 484 3900 idoneis,
507 3829 605 3897 (4980)
624 3827 745 3882 custodia
760 3838 864 3899 septum
880 3828 956 3897 vigili
975 3838 1001 3883 et
1017 3828 1150 3883 malivola.

175 3899 239 3968 Ipsa
264 3899 376 3968 regendi
402 3899 508 3968 imperii
536 3899 655 3970 suscepit
682 3913 785 3964 curam,
818 3898 965 3952 mortalium
994 3899 1053 3953 dira
1082 3898 1213 3967 Erinnys,

108 3979 233 4022 eruentus
255 3968 343 4036 oanis,
366 3969 500 4022 maleficus
523 3967 703 4036 Andronicus,
727 3968 795 4036 proh
817 3967 968 4020 calamitosi
992 3985 1025 4020 ac
1046 3967 1212 4021 manifestam

106 4036 205 4091 invasit
228 4038 405 4104 tyrannidem.
449 4037 543 4108 (4985)
569 4046 597 4091 et
623 4036 749 4107 praemiis
767 4036 871 4105 quidem
899 4036 1004 4090 ornarit
1026 4035 1130 4088 eximiis
1151 4053 1209 4091 cum

107 4106 173 4160 alios
190 4106 285 4161 multus
302 4116 355 4160 turn
373 4108 492 4178 apprime
508 4105 706 4188 Paphlagonas,
729 4105 776 4176 qui
792 4105 938 4160 rebellandi
955 4104 1007 4158 sibi
1024 4105 1146 4158 auxilium
1164 4114 1210 4158 tu-

106 4175 208 4241 lerant3
235 4193 266 4230 ac
285 4176 428 4245 dignitates
450 4176 603 4246 splendidas
618 4173 743 4229 sublimes
759 4175 851 4229 amicis
866 4175 922 4227 auia
939 4173 1062 4228 attribuit
1080 4182 1108 4228 et
1123 4190 1211 4229 noxae

107 4245 196 4300 sociis.
236 4244 331 4315 (4990)
355 4245 472 4299 illustres
496 4253 583 4300 autem
607 4244 680 4298 viros
704 4253 732 4299 et
752 4245 839 4316 atirpa
863 4243 965 4297 nobiles
987 4243 1084 4312 partim
1108 4242 1209 4304 iniusto

106 4328 212 4371 carcere
227 4314 369 4388 conclusit,
394 4315 491 4388 partim
508 4316 602 4387 domo,
623 4315 760 4387 cognatis,
782 4314 871 4388 patria
886 4312 979 4386 procul
994 4311 1090 4369 uullim
1106 4314 1209 4386 pepulit
