2967 4859
399 293 457 360 DE
481 291 685 362 MANUELE
706 290 925 358 coniliano,

210 465 244 532 τὸ
261 464 367 531 λοιπὸν
382 463 415 530 εἰι
429 461 583 548 στὸματος
594 462 681 546 ίιιχεῖ
695 461 750 530 σιλν
766 458 861 546 τάχει,

104 573 192 638 4555
211 566 254 646 ὡς
267 575 323 640 τοῦ
334 569 483 646 ποθίντος
495 568 540 652 μὴ
557 564 824 651 κατωλισθηκάτος

210 672 255 738 δι’
274 671 442 760 οίσοφάγου
457 672 534 760 πρὸς
549 669 588 736 τά
603 668 685 736 κάτω
701 672 827 745 κοιλίας.

211 773 275 842 εἶτα
289 775 383 842 ποτὸν
398 774 488 860 γνοίις
501 773 756 861 συμπεφυρμένον
773 772 883 860 λύθρῳ

209 877 354 968 ᾤμωξεν,
380 879 471 945 είπάιν
486 879 522 944 οὗ
535 882 636 954 καλῶς
648 878 819 962 μεγευκίναι

208 980 430 1070 ίιιλατοράρτων
444 985 642 1070 Χριστιανῶν
657 978 805 1063 αἱμάτων.

103 1088 192 1155 4560
209 1089 263 1152 καί
277 1113 323 1163 τις
339 1086 498 1171 παρεστὼς
512 1085 621 1169 ἰταμὸς
637 1084 761 1170 θρασὺς
779 1081 858 1159 τότε,

134 1255 138 1262 ,
209 1190 264 1274 τὴν
280 1195 417 1275 γλῶτταν
435 1186 621 1265 ἀκόλαστος,
647 1185 790 1270 άναιιλὴς,
816 1184 919 1265 λάλος,
938 1180 946 1194 ’

207 1292 285 1360 κατά
302 1296 408 1376 Σεμεεὶ
425 1294 572 1378 λοιδορεῖν
590 1291 773 1374 εἷθισμίνος,

206 1400 336 1485 Χριστῷ
350 1398 457 1483 κυρίου
470 1391 703 1481 λοιδορούμενος
715 1395 792 1478 λέγει

202 1497 282 1566 “unia
301 1499 370 1587 d'pu
388 1496 516 1586 πρώτως
534 1497 612 1564 ἀλλὰ
628 1490 788 1575 πολλάκις,
815 1492 902 1576 άναξ,

101 1605 187 1672 4565
206 1603 307 1688 πλήρη
321 1609 459 1690 κρατῆρα
472 1605 669 1688 Χριστιανῶν
681 1598 830 1683 αἱμάτων,

205 1704 339 1790 ὖαήκοον
353 1713 413 1770 πᾶν
427 1701 646 1790 καλαμιάμενος
654 1752 663 1782 ,
687 1707 797 1780 πίνεις·

206 1809 227 1896 ἢ
243 1813 293 1874 καί
307 1811 465 1896 πεπείρους
479 1808 566 1874 καθά
582 1809 757 1890 συνθλίβιιιν
768 1803 891 1892 βότρυς,

207 1911 380 2000 είσπράξεσι
397 1910 502 2000 φόρων
516 1937 548 1976 τε
562 1915 612 1978 καί
629 1917 722 1976 τελῶν
737 1909 828 1995 βάρει
857 1916 860 1922 ’

209 2020 339 2100 α’ίματος
353 2016 454 2080 αὐτῶν
467 2017 588 2102 ίμφορῇ
602 2011 813 2101 κατακόρως.”

101 2119 187 2192 4570
205 2117 221 2184 ὁ
241 2121 272 2185 d’
291 2118 412 2206 ῆμίρως
427 2117 529 2203 ἤνεγκε
545 2119 600 2201 τὴν
616 2119 787 2204 παροινίαν,

205 2221 388 2302 ἀνεξικάκως
402 2217 596 2307 τονθορύσας
609 2221 685 2304 μηδ’
703 2219 792 2297 ὅλοις,

90 2355 94 2362 ·
205 2328 282 2412 μηδ’
301 2323 356 2392 ὕπ’
374 2323 485 2390 ὀδόντα
500 2321 613 2410 γράξας
627 2321 642 2389 ὃ
655 2323 757 2411 πραίίς
771 2323 857 2402 ι’ίιάξ.

206 2415 257 2496 καί
271 2428 362 2494 πάλιν
376 2428 472 2494 αὐτοῦ
484 2434 681 2514 καθοριῦντος
695 2426 853 2506 θυλάκους

204 2534 278 2612 aude
291 2539 346 2598 τοῦ
353 2540 474 2620 χροσοῦ
488 2529 629 2619 φίλακας
639 2531 878 2618 ε’κρηγνιμίνονς

103 2636 185 2705 4575
207 2639 238 2703 ἐκ
253 2633 449 2724 θρασύτητος
461 2638 511 2701 καί
526 2637 597 2718 βίας
610 2642 664 2719 τῆς
676 2633 858 2720 βαρβάρων,

207 2745 257 2807 καὶ
272 2741 344 2817 τοὺς
358 2736 470 2804 ἑαυτοῦ
481 2736 666 2826 ῥωννάοντος
679 2735 721 2814 ὡς
733 2739 801 2803 δίον

206 2846 389 2935 ἔπεισπεσεῖν
403 2869 436 2908 τε
451 2845 538 2930 σφίσι
552 2844 604 2908 καὶ
617 2847 754 2908 κτάσθαι
768 2838 842 2908 τάδε

205 2947 329 3031 ίίμεινον
346 2945 446 3011 αὐτῶν
461 2942 698 3033 συμφεράτερον
714 2942 805 3024 πάνυ,

205 3043 300 3126 αὖθις
314 3048 438 3127 ἐπιστάς
453 3046 468 3112 ὃ
483 3050 606 3134 θρασὺς
620 3044 826 3143 μροριοσκάπος

102 3151 184 3220 4580
203 3155 385 3242 ἐλοιδορεῖτο
403 3159 445 3242 τῷ
460 3151 619 3241 κροτάρχῃ
632 3153 683 3218 καί
696 3149 799 3232 πάλιν,

665 3260 673 3297 l

103 3413 153 3483 cit,
173 3414 267 3485 (4555)
286 3431 335 3468 cau
351 3415 377 3472 ai
392 3422 471 3486 putus
481 3413 533 3470 'illa
550 3432 603 3468 nnn
619 3414 794 3469 descenderet
809 3415 843 3468 ad
860 3413 939 3467 imunt
956 3414 1115 3470 stomachum
1132 3415 1205 3471 reni-

102 3492 174 3536 tente
192 3485 354 3554 oesophagu.
391 3502 451 3540 mox
468 3485 513 3538 ubi
530 3486 639 3554 agnovit
655 3486 875 3567 tinctum,aquasn
892 3485 971 3553 tabu,
992 3485 1134 3554 ingemuit,
1153 3485 1207 3539 sibi
1282 3516 1287 3522 ‹

102 3551 169 3606 baud
187 3553 318 3624 placuisse
337 3554 426 3608 dicens
444 3569 537 3622 aquam
554 3554 706 3608 Christiana
721 3570 849 3622 sanguine
867 3554 1008 3607 foedatam.
1044 3555 1138 3623 (4560)
1151 3564 1207 3608 tum

103 3623 206 3689 quidem
231 3641 358 3694 praesens
383 3625 547 3692 inportunus
572 3625 659 3677 audax
681 3624 819 3706 inpudens
841 3622 942 3675 blatern
961 3633 989 3676 et
1005 3624 1094 3692 lingua
1110 3624 1207 3677 intem·

102 3705 209 3760 perans,
237 3693 325 3745 Semel
349 3692 484 3761 novellus,
510 3693 656 3747 conviciari
678 3691 787 3761 solitus,
812 3691 854 3745 sic
877 3693 985 3745 Christo
1001 3693 1100 3746 domini
1118 3693 1207 3762 caepit

104 3760 266 3814 maledicere.
300 3757 388 3814 “haud
406 3779 474 3815 nunc
491 3762 616 3832 primuni,
634 3763 682 3816 sed
700 3773 781 3815 antea
795 3779 891 3832 saepe,
914 3763 1009 3828 (4565)
1024 3762 1128 3832 plenum
1146 3779 1206 3814 cra-

103 3834 159 3882 tera
176 3831 386 3884 Christianorum
403 3831 532 3900 sanguine
547 3831 653 3900 bibisti,
677 3831 797 3885 subditus
815 3831 943 3884 divexans
960 3831 1072 3900 pupulos
1088 3838 1206 3882 maturus

103 3895 183 3976 yeluti
201 3917 319 3954 racemus
337 3901 535 3972 comprimitur,
563 3919 612 3989 per
631 3901 790 3955 tributorum
806 3900 926 3970 gravium
945 3902 1095 3954 exactiones
1111 3908 1207 3968 putans

103 3963 202 4020 ullorum
222 3970 385 4024 abundanter
401 3965 582 4038 sanguinen.’
617 3971 709 4038 (4570)
726 3970 788 4023 tulit
805 3970 937 4039 patienter
954 3969 1056 4023 Caesar
1072 3967 1140 4021 hauc
1155 3986 1207 4021 va·

103 4037 216 4114 panium,
241 4057 290 4091 nec
314 4048 406 4092 contra
431 4039 536 4108 quidem
559 4039 697 4108 quicquam
719 4038 869 4092 mussitavit
884 4038 955 4092 mitis
973 4037 1128 4106 monarcha,
1155 4054 1205 4090 nec

103 4104 245 4161 infrenduit
268 4107 400 4161 dentibus.
435 4109 530 4162 iterum
548 4108 721 4162 Caesareum
738 4108 843 4161 videret
857 4107 976 4160 sacculos
991 4106 1090 4177 publici
1106 4107 1219 4160 unsinni-¹

104 4177 221 4230 custodes
246 4177 326 4246 diripi
349 4177 486 4245 (4575ia
511 4178 676 4248 persequent'
698 4197 721 4231 sn
743 4179 912 4230 barbarorum
929 4177 1044 4244 impetn,
1073 4183 1153 4244 atque
1168 4177 1204 4230 ad

92 4243 207 4298 ‘tutelam
224 4245 375 4300 hertaretur
392 4263 468 4314 suos,
493 4257 523 4299 ut
538 4248 624 4300 aliena
642 4197 718 4318 pullen
734 4247 763 4299 vi
779 4254 919 4299 servarent
936 4246 1049 4298 futuram
1065 4245 1134 4316 ipsis
1149 4245 1203 4298 nti-

104 4305 151 4363 len
174 4315 326 4385 pecuniam,
350 4316 438 4371 denuo
462 4315 570 4371 adstans
592 4315 638 4372 ille
661 4318 748 4372 audax
764 4313 861 4371 nebula
877 4314 974 4386 (4580)
992 4333 1063 4370 novo
1081 4315 1213 4371 convicia
