2967 4859
375 252 433 319 DE
458 251 586 319 IRENE
610 252 666 318 ET
691 247 954 320 NICEPHORO.

210 427 262 492 καὶ
276 437 391 492 ταινιοῖ
400 422 582 512 Κόρουλον,
609 422 651 502 ὥς
663 422 740 512 ίφην
755 422 830 505 ἄνω,

210 532 376 596 κάντεῦθεν
391 522 488 614 ήρξαν
504 536 560 612 τῆς
577 525 650 612 ὅλης
661 518 801 606 Ἰταλίᾶςζ

210 632 374 720 Κόρουλος
388 625 478 711 οὗτος
490 632 636 710 ἀξιωθεὶς
647 640 702 697 τοῦ
715 633 847 720 στίφους

105 739 193 805 1965
211 735 323 803 iocaris
339 739 480 824 πρέσβεις
494 736 571 823 πρὸς
584 741 758 825 κρατοῦσαν
772 731 916 823 Εἰρήνην,

210 837 330 927 γάμους
344 840 444 927 ἑαυτῷ
458 838 616 925 μνώμενος
629 840 800 927 βασιλίδος,
1017 923 1018 927 ¹

212 950 265 1012 καί
280 947 353 1031 τῇδε
368 944 462 1027 τυχὸν
476 943 655 1032 στερκτίους
669 941 854 1029 πεφηνότος.
955 1006 959 1011 ,

214 1050 265 1113 καὶ
282 1046 356 1133 τίχ’
376 1047 413 1113 ἂν
429 1040 483 1132 ήκε
498 1046 577 1134 πρὸς
591 1047 688 1133 πέρας
700 1047 740 1111 ‘coi
754 1053 815 1113 τῶν
828 1042 946 1131 γάμων,

216 1155 243 1217 εί
254 1151 298 1235 μή
312 1153 391 1236 μέγα
404 1178 450 1229 τις
462 1154 494 1216 ἐν
506 1152 673 1233 βασιλείοις
686 1148 823 1230 σπόιλιον,
871 1166 877 1177 “

107 1258 200 1322 1970
216 1246 241 1343 ᾧ
253 1261 361 1339 κλῆσις
369 1256 497 1333 Ἀίτιος,
518 1252 631 1338 ίσχόων
644 1250 723 1331 τότε,

216 1360 310 1441 κῆδος
324 1359 453 1444 τὸπρὸς
468 1357 633 1445 Κόρουλον
648 1356 754 1441 ἴσχυσε
770 1352 889 1435 σβίσαι,

216 1459 317 1527 πάντα
334 1460 460 1545 κινήσας
475 1465 581 1540 λίθον,
607 1457 649 1537 ὥς
663 1458 825 1545 παροιμία,

216 1571 262 1652 τῷ
276 1576 451 1653 παρενεῖραι
465 1573 503 1652 τῇ
517 1566 686 1654 κραταρχίφ
699 1564 804 1628 θέλειν

215 1670 341 1735 Λίονια
356 1672 535 1755 κασίγνητον
549 1667 680 1733 ἄνευθεν
694 1663 808 1753 φόβου.

327 1827 493 1900 Νικηφόρος
511 1824 527 1884 ό
544 1826 654 1899 γενικὰς
671 1825 718 1897 ἔτη
736 1827 777 1899 o',
813 1822 902 1897 ἕτεροι
922 1818 953 1881 di
970 1822 1008 1895 η’.

109 1942 200 2016 1975
212 1937 310 2010 Ὅθεν
326 1948 450 2026 βασιλὶς
464 1950 528 2020 τοίς
542 1942 625 2019 ὅλοις
638 1941 807 2025 μισουμένη

219 2046 366 2113 ἴκπτωσιν
381 2044 522 2128 ὑπέμεινε
536 2053 591 2129 τής
606 2047 787 2129 μοναρχίας,

221 2149 315 2215 ἄλλου
332 2148 620 2238 παρεισφρήόαντος
636 2148 714 2232 αὐτῇ
728 2147 785 2213 σόν
800 2142 893 2236 δόλῳ,

220 2261 277 2319 τοῦ
291 2255 460 2338 λογοθίτου
476 2259 594 2338 γενικοῦ
607 2248 802 2337 Νικηφόρου,

209 2357 333 2444 1ἀνδρὸς
347 2364 478 2443 μιαροῦ,
506 2352 682 2439 κακοήθους
694 2354 766 2430 τοὺς
779 2350 922 2440 τρόπους,

113 2468 204 2534 1980
221 2458 467 2548 ίροισιχρημότου
483 2486 516 2526 τε
531 2462 581 2524 καί
596 2453 798 2546 φιλαρηόρου,

222 2563 323 2648 πάσης
340 2568 463 2646 ταμείου
477 2565 585 2640 κακίας
597 2563 775 2645 ἀπληστίας,

222 2666 354 2755 ἴφορκον
369 2670 516 2750 ἀβέβαιον
533 2667 699 2751 αιἰχοῦντος
715 2664 838 2751 τρόπον.
875 2712 876 2717 1

223 2763 313 2847 οὗτος
328 2770 427 2854 τεμὼν
442 2770 531 2859 ὅρκια
546 2778 584 2856 τῇ
600 2770 738 2851 βασιλίδι

225 2876 320 2958 δῆλον
332 2878 452 2962 τιθείση
462 2872 631 2961 χρημάτων
644 2868 833 2959 ἀποκρόφιον

289 3078 351 3140 post
373 3086 402 3122 v.
424 3068 491 3123 1974
509 3069 594 3122 codex
611 3068 736 3120 mendose
753 3066 834 3121 habet
850 3066 878 3120 in
895 3068 972 3121 titulo
990 3070 1123 3124 rubricato
1143 3068 1230 3124 σ’τον

289 3140 420 3194 Γενικοῦ.
455 3140 503 3193 sed
521 3140 675 3192 emendatur
691 3155 708 3189 a
723 3146 797 3190 textu
815 3138 934 3191 mendum
951 3139 1087 3209 marginis.
1104 3141 1144 3196 M.

119 3309 224 3367 Garoio
240 3318 383 3379 coronato,
408 3316 438 3363 ut
453 3309 525 3378 dixi,
549 3308 669 3379 excapit3
693 3307 741 3377 qui
757 3306 797 3360 aic
814 3309 896 3363 totius
912 3309 1008 3363 Italiae
1025 3320 1168 3367 evaseruut
1184 3315 1234 3368 do·

119 3382 200 3438 mini.
237 3381 349 3434 Carolus
374 3388 437 3448 post
459 3387 592 3451 receptam
615 3396 739 3432 coronam
757 3377 855 3445 regiam
879 3380 973 3449 (1965)
990 3379 1092 3449 legatos
1111 3384 1183 3436 misit
1201 3384 1234 3437 ad

118 3453 229 3507 Irenem
246 3452 400 3571 principem,
417 3458 447 3503 ut
463 3449 514 3504 sibi
532 3449 685 3503 conciliaret
702 3448 818 3501 eiusdem
836 3449 959 3518 nuptiaa;
978 3468 1046 3518 quae
1062 3470 1105 3505 res
1120 3453 1173 3522 ipsi
1190 3472 1235 3507 rc·

118 3521 206 3591 ginae
221 3521 299 3574 valde
314 3522 424 3590 pacuit.
459 3527 486 3573 et
503 3520 611 3589 nuptiae
628 3518 733 3587 quidem
750 3518 865 3571 tortasse
880 3520 1048 3587 peragendae
1066 3532 1155 3589 erant,
1182 3522 1236 3575 nisi

119 3594 156 3645 in
179 3589 239 3643 aula
263 3589 347 3659 regali
370 3590 453 3659 spado
477 3590 600 3659 quidam,
628 3589 726 3656 (1970)
750 3588 854 3640 nomine
878 3589 987 3656 Aetius,
1012 3595 1075 3643 tuno
1094 3591 1239 3661 praecipue

119 3671 305 3733 praepotens,
322 3659 479 3713 affinitatem
496 3658 587 3711 Caroli
602 3657 786 3727 impedivisset
803 3674 921 3726 omnem,
937 3666 967 3709 ut
983 3660 1066 3713 estin
1083 3662 1236 3731 proverbio,

120 3747 236 3784 movens
252 3729 384 3813 lapidem
402 3746 496 3799 nempe
514 3737 543 3781 ut
559 3727 641 3781 tutius
658 3728 776 3781 Leonem
792 3726 901 3781 fratrem
918 3744 1003 3797 suum,
1021 3730 1091 3798 quod
1108 3730 1161 3801 ipsi
1179 3737 1237 3783 arat

121 3800 155 3881 iu
171 3798 261 3869 votis,
278 3798 390 3870 imperio
407 3798 570 3852 obtunderet.
954 3808 957 3823 '

266 3918 437 3987 Nicephorion
453 3916 592 3989 generalis
610 3933 656 3969 on.
674 3917 700 3985 9,
719 3914 762 3969 ccl
779 3922 811 3969 ut
830 3914 879 3969 olii
895 3914 988 3985 ciunt,
1007 3934 1054 3973 on.
1073 3920 1101 3973 8.

200 4004 298 4073 (1975)
325 4005 399 4073 Ergo
421 4006 514 4074 regina
535 4004 614 4056 irene
631 4002 854 4057 invisaomnibus
871 4004 1037 4057 amissionem
1053 4001 1158 4073 imperii
1175 4020 1238 4073 per-

125 4091 211 4147 pessa
228 4083 285 4141 eat,
313 4074 365 4127 alio
381 4092 430 4145 per
448 4074 567 4128 fraudem
584 4079 730 4142 occupante
748 4082 895 4142 sceptrum,
917 4071 1035 4141 generali
1051 4090 1145 4143 nempe
1163 4072 1238 4141 logo-

126 4146 203 4200 theta
221 4143 390 4214 Nicephoro‚
410 4145 468 4197 viro
482 4144 612 4210 nefando,
629 4142 751 4213 praedito
765 4140 839 4195 malie
853 4143 983 4209 moribus,
1003 4142 1098 4210 (1980)
1109 4144 1239 4213 pecuniae

128 4212 228 4285 cupido
253 4222 334 4282 atque
357 4230 435 4285 opum
458 4214 573 4280 amasio,
599 4212 670 4265 omni
687 4210 787 4265 malitia
804 4212 899 4281 pleno,
925 4210 1095 4281 avarissimo,
1121 4212 1241 4266 instabili

128 4286 293 4356 periuroque
315 4291 345 4338 et
365 4291 453 4339 mento
476 4293 504 4337 et
524 4282 625 4353 lingua.
660 4280 704 4334 hic
725 4281 842 4351 obligata
862 4279 1025 4353 imperatrici
1041 4282 1095 4335 tide
1113 4299 1178 4355 opes
1195 4299 1239 4336 re-

458 4478 465 4509 Ι
