2967 4859
417 249 479 341 na
499 274 662 342 Aramo
687 245 904 343 suasam

195 452 323 514 τοιαῦτα
340 447 526 533 συνείροντες
543 448 605 512 οἵδε
624 442 803 532 ιλυστράπως
830 443 833 454 ’

195 549 422 638 ἁπλουστέρους
437 550 560 615 ἔπειθον
572 548 703 614 ὑπείκειν
714 553 819 636 σφίσι·

196 663 237 742 τῇ
253 657 398 742 κρείττονι
416 652 489 740 δόξῃ
508 655 540 718 δὲ
556 656 738 740 προστεθεὶς
753 652 830 729 άνοξ

71 758 174 833 6540
196 760 243 825 εἰα
258 755 425 847 φθινύθειν
438 754 595 840 τηνάλλως
607 758 679 832 τοὺς
691 748 837 837 θατίρας.

260 866 385 927 Μυσῶν
399 862 484 945 γίνσς
496 858 655 936 κάκιστον,
681 863 724 935 εἰς
740 860 918 942 συμμαχίαν

198 974 308 1053 στῖφος
320 962 475 1046 Κομάνων
485 962 663 1050 προσλαβὸν
672 963 871 1050 παριστρίων,

194 1067 303 1154 χώρας
315 1066 398 1154 ε’πῄει
409 1065 580 1149 Ῥωμαϊκὰς
593 1069 742 1151 ἓκτρῖβον,

199 1175 251 1236 καὶ
265 1174 347 1236 λείαν
359 1168 521 1254 ἀμύθητον
534 1171 745 1253 αἰχμαλωσίαν

79 1276 177 1346 6545
199 1278 251 1339 καὶ
268 1280 365 1340 σκῦλα
381 1280 506 1339 πλεῖστα
523 1277 673 1359 κεριλᾶναν
689 1269 885 1359 ὑποστρέφει.

200 1381 252 1442 καί
268 1377 354 1443 ταῦτ’
373 1377 411 1441 ἂν
431 1375 506 1459 εἶχεν
522 1379 614 1442 εἰσαεὶ
630 1380 708 1462 ιλράν
722 1379 754 1452 ἐξ
770 1375 873 1454 ἔθους,

201 1485 230 1546 εἰ
245 1482 289 1563 μὴ
306 1482 341 1546 τὸ
357 1479 571 1566 χριστώνυμον
587 1479 708 1562 εὐσεβὲς
723 1485 822 1564 φῦλον

200 1591 263 1650 τῶν
274 1583 350 1661 ‘Pala
366 1585 486 1670 ἀπεῖρξε
501 1589 585 1672 σφοῖς
601 1591 695 1665 κακῆς
709 1585 897 1668 προθυμίας.

200 1685 218 1752 6
234 1688 294 1776 γὰρ
310 1690 341 1750 Γ
339 1690 460 1770 αλίτζης
475 1685 595 1772 ἡγεμών
602 1737 612 1765 ,
635 1687 809 1771 παραινέσει

84 1794 182 1858 6550
201 1797 259 1857 τοῦ
275 1790 481 1874 ποιμενάρχου
495 1789 641 1872 Ῥωσικῆς
656 1792 826 1871 ἐκκλησίας,

202 1903 312 1983 στῖφος
327 1901 473 1980 στρατιάς
485 1891 598 1976 ηλικαλς
612 1890 653 1970 ὡς
665 1895 776 1976 μυρίον

203 2001 319 2082 ἐπῆλθε
334 2005 372 2084 τῇ
387 2005 427 2084 γῇ
441 2003 501 2061 τῶν
515 1993 669 2080 Κομάνων
684 1993 803 2081 ἀθρόον

203 2108 256 2166 καὶ
269 2100 377 2188 χώραν
389 2099 536 2187 ἠφάνισεν
549 2100 650 2166 αὐτῶν
661 2098 812 2182 ἐσχάτως·

203 2209 359 2279 καὶτοῦτο
372 2204 490 2291 ελράσας
504 2201 676 2279 πλειστάκις
689 2199 884 2290 φιλοφρόνως
909 2275 911 2279 ,
947 2193 950 2206 ¹

92 2312 185 2377 6555
206 2313 250 2387 εἰς
263 2309 395 2391 εὐσεβῶν
409 2306 553 2391 καύχημα
568 2314 628 2371 τῶν
638 2304 870 2392 χριστωνάμων,

206 2421 292 2500 σφᾶς
305 2423 475 2496 συμμαχεῖν
490 2413 602 2475 ἔπαυσε
617 2415 743 2485 Μυσοῖς
757 2408 940 2500 βαρβάροις.

271 2517 339 2580 Καί
349 2542 395 2592 τις
411 2517 580 2597 Κσμνηνῶν
594 2515 714 2601 ἓκφυείς
725 2511 876 2596 Ἰωάννης,

206 2617 286 2706 ἀνὴρ
301 2617 443 2703 πιθάιλης
459 2618 635 2702 σωματικὴν
650 2617 704 2700 τὴν
717 2616 839 2697 πλάσιν,

208 2722 382 2808 προκοίλιός
396 2749 428 2787 τε
444 2725 494 2787 καὶ
510 2719 675 2808 λιπόκρεως
687 2722 765 2798 λίαν,

99 2825 193 2892 6560
206 2826 310 2909 ’παχὺς
323 2827 445 2909 ἐπίκλην
459 2829 491 2890 ἐκ
507 2825 584 2900 θέας
600 2821 794 2912 φερωνάμσυ,

209 2927 344 3016 ἀντάρας
358 2923 440 2995 eiuro
453 2934 579 3010 βασιλεῖ
588 2928 667 2993 κατὰ
681 2926 778 2992 πόλιν.

206 3033 283 3099 oraio
298 3034 357 3120 γάρ
374 3033 477 3110 εἰσδὺς
490 3031 544 3097 τὸν
558 3037 636 3097 θεοῦ
652 3038 738 3096 θεῖον
752 3031 847 3114 μίγαν

105 3262 244 3333 palpabile
260 3263 320 3316 fore
339 3280 387 3315 nec
405 3260 520 3314 visibile.
555 3261 623 3314 haee
645 3259 692 3314 isti
713 3259 781 3314 falso
806 3261 966 3314 blaterantes
988 3278 1034 3315 ors
1056 3261 1214 3334 imperitiori

107 3337 206 3386 turbae
234 3333 369 3386 faciebant
394 3333 500 3395 focum
537 3332 584 3384 sed
614 3332 758 3400 imperator
787 3332 936 3399 obsequens
967 3331 1069 3384 meliori
1099 3333 1215 3402 dogmati

106 3402 206 3468 (6540)
224 3403 289 3455 sivit
305 3403 452 3454 contrarios
467 3403 565 3453 frustra
580 3403 713 3453 laborare.

180 3473 301 3525 Pessima
317 3488 381 3540 gens
398 3471 548 3523 Moesorum
567 3487 624 3521 cum
643 3469 715 3522 socia
733 3485 810 3521 manu
827 3469 972 3523 accolarum
989 3469 1104 3524 Danubii
1119 3471 1214 3525 Contu·

109 3557 204 3593 uorum
222 3550 309 3594 terras
326 3542 457 3593 Romanas
473 3540 627 3591 incursabat
641 3546 759 3606 vastans,
776 3540 952 3608 praedamque
969 3543 1064 3607 agebat
1079 3539 1215 3611 plurimam
1311 3581 1320 3598 .

111 3627 144 3660 ae
161 3611 299 3679 captivos,
324 3610 418 3678 (6545)
436 3610 532 3678 quibus
550 3608 635 3661 ditata
657 3609 684 3659 in
710 3609 821 3677 patriam
844 3625 875 3660 se
898 3609 1054 3677 recipiebat.
1091 3619 1170 3678 atque
1187 3610 1216 3664 id

112 3679 240 3748 deinceps
266 3696 369 3747 semper
386 3679 599 3746 saturabunt,
624 3677 677 3730 nisi
695 3679 837 3730 Rossorum
855 3677 899 3747 pia
916 3696 981 3746 gens
999 3678 1152 3732 Christiana
1170 3695 1215 3732 co·

111 3747 245 3802 bibuisset
268 3750 396 3801 barbaros
421 3747 592 3801 amaleficio.
628 3746 750 3800 Galitzae
773 3747 872 3816 quippe
897 3747 1036 3817 princeps,
1060 3747 1217 3802 adhortante

112 3819 212 3885 (6550)
227 3818 356 3870 ecclesiae
371 3835 470 3870 summo
488 3817 614 3869 Rossicao
632 3825 755 3886 pastore,
779 3816 891 3887 plurima
908 3815 1013 3868 militari
1031 3827 1123 3869 coacta
1141 3833 1217 3869 manu

114 3885 143 3938 in
159 3889 334 3940 Cumanorum
352 3903 442 3954 agrum
458 3894 570 3955 repente
586 3886 680 3953 irruit,
709 3903 820 3954 eumque
837 3894 954 3938 extrema
972 3886 1060 3938 affecit
1078 3885 1217 3951 restituta

115 3957 262 4023 quodcum
281 3954 381 4024 egisset
398 3975 479 4026 saepe
496 3956 580 4007 amieo
599 3956 685 4008 animo
710 3957 805 4022 (6555)
829 3956 862 4008 ad
881 3955 1000 4008 solatium
1018 3954 1120 4025 piorum
1137 3955 1218 4007 Chri-

116 4025 261 4078 stianorusa
280 4026 450 4078 Comanieum
467 4025 590 4078 auxilium
608 4025 709 4078 Moesis
726 4023 842 4079 abstulit.

186 4096 301 4148 Ioannes
325 4095 429 4162 quidam
454 4095 488 4147 de
510 4094 651 4147 commanis
667 4095 787 4164 genitus,
812 4091 933 4164 corporis
950 4091 1017 4144 mole
1032 4090 1094 4143 dolii
1108 4091 1221 4158 ‘formant

117 4163 252 4231 referens,
279 4164 398 4234 proiecto
418 4173 521 4232 ventre,
542 4163 665 4216 canibus
682 4163 872 4232 pinguissimis,
890 4163 985 4230 (6560)
1002 4160 1106 4214 nomine
1125 4159 1221 4214 idoneo

119 4231 206 4285 dictus
224 4232 302 4301 volgo
321 4233 450 4300 Crassus,
477 4233 588 4287 Caesari
604 4251 634 4286 se
649 4233 771 4286 rebellem
790 4233 818 4284 in
836 4235 902 4285 urbe
919 4231 1050 4301 praebuit.
1085 4229 1221 4300 ingressus

120 4301 189 4370 eninr
206 4301 330 4373 ternplum
346 4304 391 4357 dei
407 4303 555 4371 maximam,
574 4319 696 4358 eoronam
713 4319 747 4356 ex
763 4301 798 4356 iis
814 4315 884 4371 quae
901 4317 991 4356 mansa
1008 4302 1159 4372 pendebant
1174 4315 1220 4355 ss·
