2967 4859
232 1372 234 1377 ·
281 1318 529 1411 ANGELI
565 1318 717 1407 MAII
753 1312 1172 1428 ΡΙίΑΕκἊἸἿΟ.’ι

609 1618 820 1629 ——n———u-u—-n

161 1833 312 1938 Historia
338 1874 454 1939 Romani
483 1874 610 1959 imperii,
643 1872 716 1958 qood
747 1884 854 1938 mature
878 1873 908 1937 in
932 1873 1085 1937 Occidente
1113 1876 1276 1941 exstinctum

160 1990 247 2078 longe
264 1993 414 2057 diuturnius
431 1992 460 2056 in
478 1993 598 2057 Oriente
616 2014 702 2078 usqua
720 1992 758 2055 ad
776 2005 885 2079 captam
906 2013 925 2054 a
945 1991 1045 2056 Tuscis
1062 1990 1173 2077 Cpolim
1189 1994 1276 2060 uitam

159 2131 236 2205 sunm
254 2110 437 2198 propagavit,
460 2110 605 2173 multorum
624 2110 753 2195 protecto
770 2111 886 2196 ingenia
903 2108 1115 2194 facultatemque
1133 2108 1275 2177 scribendi

21 2260 24 2267 .
157 2230 300 2307 exercuit,
332 2242 415 2315 atque
443 2228 472 2292 in
500 2226 545 2290 his
572 2224 724 2311 praecipue
748 2228 931 2313 Byzantinos,
959 2239 989 2291 ut
1015 2228 1102 2315 vulgo
1127 2228 1273 2315 loquimur,

158 2345 270 2407 tacenti
288 2348 347 2408 cris
365 2344 511 2418 homines,
536 2364 651 2427 quorum
671 2364 776 2430 magna
794 2356 823 2407 et
839 2344 970 2427 perantia
991 2345 1131 2409 volumina
1148 2369 1166 2410 a
1184 2348 1273 2413 Galli·
1366 2372 1373 2394 ·

128 2468 133 2481 “
157 2462 235 2525 canis
259 2458 330 2522 olim
352 2459 426 2547 typis
448 2461 621 2545 accepimus,
651 2482 722 2523 nunc
744 2472 835 2523 autem
853 2463 1018 2523 consociatis
1036 2465 1110 2523 coris
1128 2467 1274 2550 recognita

157 2552 293 2663 novisqne
310 2578 492 2643 monumentis
508 2577 674 2667 locupletata
697 2578 832 2643 Germani
855 2576 985 2642 homines
1007 2578 1173 2659 doctissimi,
1206 2604 1272 2648 con·

156 2699 221 2763 auo
240 2708 270 2763 a
287 2718 343 2783 ops
360 2696 400 2761 iu.
419 2693 585 2769 uranium,
619 2720 712 2764 rursus
731 2696 874 2760 suasu.
917 2695 987 2760 mant
1011 2717 1049 2760 ex
1073 2699 1110 2761 aa
1130 2683 1179 2786 qut
1198 2701 1271 2767 cas-

154 2836 266 2881 saroam
289 2815 435 2880 historiam
459 2814 628 2900 scripserunt
653 2814 737 2878 valde
755 2814 829 2900 utilis
846 2825 930 2899 atque
949 2814 1117 2899 exoptabilis
1135 2818 1210 2883 visos
1228 2832 1273 2887 est

154 2936 357 3022 Ephraemins‚
391 2934 468 2997 cuius
495 2932 649 2997 chronicon
673 2933 799 2999 iambicis
822 2932 951 2997 uorsibus
968 2932 1141 2997 elaboratum
1163 2935 1200 2999 ab
1217 2938 1269 3001 im·

154 3053 229 3141 perii
250 3052 398 3115 fundatore
418 3050 489 3115 Iulio
509 3050 736 3137 Caesareaeque
755 3052 792 3116 ad
809 3065 954 3142 receptam
970 3072 989 3115 a
1007 3050 1127 3117 Graecis
1145 3075 1163 3117 e
1179 3055 1268 3120 Fran·

155 3195 249 3237 corum
280 3170 467 3239 dominatione
497 3168 607 3255 Cpolim
634 3164 688 3258 per
715 3172 793 3237 mitta
819 3171 987 3243 scilicetne
1012 3181 1154 3239 trecentos
1180 3195 1271 3239 annos

153 3290 319 3355 extenditur.
380 3290 437 3353 iarn
463 3289 512 3353 hic
538 3288 686 3354 historicus
713 3311 771 3353 non
797 3290 885 3353 solum
913 3289 1032 3354 ineditus
1059 3302 1138 3367 crat,
1170 3313 1269 3357 veram

152 3410 237 3473 etiam
262 3419 354 3472 tantae
378 3408 501 3478 raritatis
518 3418 548 3471 ut
564 3407 674 3475 nonnisi
692 3409 722 3472 in
739 3410 820 3473 unico
836 3407 1028 3473 bibliothecae
1047 3406 1200 3485 Vaticanus
1218 3432 1284 3475 co·-

152 3526 215 3593 dicc
238 3530 322 3593 1003
343 3549 492 3613 superesse
512 3528 650 3593 uideatur.
693 3528 798 3612 primns
819 3526 901 3619 ‘hunc
931 3537 1074 3591 auctorem
1098 3548 1265 3593 commemo·

151 3647 238 3721 ravit,
261 3645 335 3731 qood
353 3668 411 3733 ego
428 3645 529 3723 sciam,
549 3645 662 3710 saeculo
680 3647 774 3731 quinto
792 3646 902 3711 decimo
919 3644 1045 3732 Raphaei
1063 3644 1265 3712 Volaterranos

112 3815 118 3825 ,
150 3750 418 3859 infcommcutariis.
432 3763 547 3840 urbanis
572 3762 621 3829 tib.
637 3767 687 3831 ’15
709 3786 738 3851 p.
764 3770 840 3831 176:
867 3769 1025 3849 Eponam
1050 3768 1187 3827 Graecus
1207 3767 1263 3827 du·

150 3872 243 3945 centis
262 3885 376 3946 abhinc
395 3889 487 3947 annis
505 3888 586 3947 uitas
603 3890 780 3968 principum
804 3888 1032 3967 Cpclitcrsorum
1050 3884 1180 3969 iambico
1195 3906 1263 3945 car·

150 4008 231 4063 mirre
266 4008 401 4087 scripsit,
434 4007 523 4089 quod*
550 4028 625 4087 opus
659 4010 694 4067 in
725 4006 905 4067 bibliotheca
938 4010 1091 4070 Vaticana
1118 4008 1260 4068 onmium

148 4134 230 4207 atque
254 4120 310 4187 hoc
334 4124 512 4191 Volaterrani
536 4126 722 4199 testimonium
745 4148 801 4191 uou
825 4125 903 4191 latuit
925 4122 1264 4193 taciturnitatis

146 4237 195 4303 lib·
223 4244 242 4309 2
276 4245 327 4310 29.
371 4244 474 4310 duodo
498 4246 696 4332 Ephraemium
719 4266 808 4330 saepe
832 4244 869 4308 ad
892 4256 988 4331 partes
1011 4244 1123 4307 vocavit
1145 4228 1264 4326 magnos
