2967 4859
214 275 217 286 '
261 275 336 358 302
683 267 952 346 uruuuuuws

362 443 382 529 ἢ
394 442 498 528 χειρδς
511 436 666 510 όπόλοσον
680 438 724 519 ὥς
736 440 919 528 ἐλευθέρους
1015 457 1019 476 “

362 550 608 632 παλινδρομῆσαι
624 545 702 632 πρδς
715 545 814 630 νομός
827 551 889 610 τῶν
903 537 1065 610 Αὐσόνων.

363 659 461 719 ταῦτα
474 648 619 731 βασιλεὺς
631 649 764 733 εὐμενῶς
776 648 962 733 δεδεγμένος,

263 758 347 828 7455
365 760 417 822 καὶ
430 754 587 840 Πελαγίαν
600 753 645 837 μὴ
657 753 804 829 θέλοντος
816 748 955 838 λεγότοα,

365 859 420 944 τὴν
436 856 601 945 συμφορὰν
616 857 720 924 λέλακε
733 865 798 936 τοῖς
810 853 1051 940 καθειργμένοις,

366 959 524 1045 δεσμώτας
539 960 629 1048 (ipris
642 963 693 1025 καὶ
705 960 782 1036 νεώς
793 960 909 1041 βατούς
920 956 1013 1033 ὅλοις.

431 1070 540 1129 Ταῦτα
551 1065 607 1147 μὲν
622 1063 703 1130 οὕτω
716 1064 909 1146 συμβέβηκεν
922 1064 953 1128 ἓν
967 1058 1068 1126 πόλει·

368 1166 430 1251 είμι
444 1170 478 1234 δὲ
491 1168 596 1234 λοιπόν
608 1167 686 1256 πρός
698 1173 887 1255 κρατοῦντας
898 1163 1061 1244 Αὐσόνων,

266 1271 352 1340 7460
368 1275 420 1337 καὶ
432 1271 472 1337 τὰ
486 1271 566 1337 κατὰ
578 1277 662 1358 σφοῖς
673 1268 829 1357 ἱστορήσω
841 1276 886 1359 τῷ
897 1267 989 1357 λόγῳ.

428 1373 483 1453 Ὡς
498 1367 551 1440 οὐν
567 1373 648 1440 ἑάλω
664 1385 728 1452 τοῖς
742 1375 878 1450 Ἰταλοῖς
892 1371 912 1456 ι)
929 1371 1027 1453 πόλις,

237 1563 242 1574 ¹
286 1471 289 1477 ¹
373 1477 534 1565 Θεόδωρος
546 1480 602 1561 μὲν
616 1475 633 1543 ὅ
648 1475 817 1564 Λόσκαρις
830 1478 1004 1560 τούπίκλην,

364 1568 406 1647 Ιὐν
418 1581 560 1668 γαμβρὸν
574 1580 715 1668 ἐγνώρισε
731 1588 917 1668 κρατοῦντος
931 1578 1030 1666 λόγος,

370 1686 468 1774 ἀπῆρε
484 1685 634 1772 προρβδς
647 1688 739 1769 τῆσδε
759 1684 815 1750 orio
830 1677 990 1773 ὐμοζύγω,Ι

268 1788 353 1859 7465
371 1793 421 1854 καὶ
436 1788 619 1871 καταλαβών
631 1789 687 1873 τὴν
700 1788 841 1854 Νικαέων
854 1785 943 1852 πόλιν

371 1889 523 1976 ὃμιονέτιν
540 1894 672 1980 φίλτατα
687 1893 760 1979 τῇδ’
780 1888 934 1976 ἔνεισόγει,

373 1995 467 2072 αὐτὸς
482 1997 516 2060 δὲ
531 1999 681 2078 Προύσαν
692 1995 795 2081 χωρία
810 2020 842 2062 τε
858 1995 897 2060 τὰ
910 1995 997 2079 πέριξ

372 2105 544 2187 περιπολῶν
558 2097 656 2175 ἄλλοις
671 2124 703 2164 τε
721 2096 828 2182 κώμας
844 2100 895 2164 καὶ
911 2097 1013 2174 πόλεις

372 2204 449 2292 τῷδ’
466 2203 578 2268 εὐνοεῖν
592 2200 695 2268 ἔπειθε
708 2200 802 2268 τάσδε
816 2210 880 2278 τοῖς
895 2199 996 2286 λόγοις

271 2309 357 2377 7470
374 2309 426 2372 καὶ
438 2303 522 2371 τόνδ’
539 2304 616 2389 ligare·
630 2304 748 2372 όνακτα
766 2303 915 2388 δεσπότην
927 2304 1032 2388 μόνον.

374 2414 499 2477 καὶτῶν
513 2410 592 2474 κατὰ
605 2415 678 2476 νούν
692 2409 761 2475 οὐδ’
781 2407 860 2486 ὅλως
874 2404 1058 2496 ἁμαρτόντι·

372 2519 489 2580 πολλοῦ
502 2512 562 2599 γὰρ
579 2512 664 2579 οὐπω
678 2509 934 2600 παραδραμόντος
943 2509 1058 2599 χρόνον

313 2671 320 2686 ,
375 2619 561 2684 καθίσταται
581 2618 620 2701 δὴ
637 2615 783 2698 βασιλεὺς
797 2614 996 2701 αὐτοκράτωρ

373 2721 452 2808 πρὸς
466 2719 671 2808 ποιμενόρχου
686 2719 819 2803 Μιχαὴλ
834 2722 1023 2799 Βοζαντίδος
1133 2788 1143 2798 ,

272 2825 356 2894 7475
374 2824 444 2912 ἄρτι
460 2822 609 2906 λαβόντος
624 2823 681 2907 τὴν
695 2829 754 2888 lani
766 2824 940 2911 προεδρίαν,

374 2936 414 3017 τῇ
427 2933 574 3015 βασιλικῇ
585 2929 759 3004 totocorde
772 2929 883 3016 ταινίρι.

438 3029 605 3117 Λόσκσρις
619 3029 716 3107 οὕτως
730 3030 876 3112 βασιλεὺς
890 3029 1088 3114 δεδειγμένος,

284 3167 288 3174 -
375 3131 492 3222 σφόδρ’
510 3135 693 3223 ἇρρενωπώς
707 3132 896 3221 πραγμάτων
909 3138 1097 3222 κραταρχιάς

274 3330 355 3384 aimus
371 3330 405 3384 ad
421 3331 509 3400 gentio
525 3337 632 3385 nostrae
649 3347 747 3401 paacua
762 3324 894 3386 reverti.”
913 3330 980 3386 haec
996 3331 1140 3402 imperator
1158 3329 1244 3385 audiit
1260 3330 1373 3392 libenter,

273 3399 369 3465 (7455)
385 3399 523 3470 invitoque
541 3402 605 3454 licet
620 3399 730 3470 Pelagio
747 3399 836 3470 legato
854 3399 960 3455 vincula
976 3402 1067 3470 aolvit,
1085 3401 1218 3455 molestias
1238 3399 1373 3470 expedivit,

273 3469 383 3525 cunctis,
392 3478 485 3539 patere
499 3488 577 3524 aacra
593 3471 691 3552 templa
705 3470 801 3525 voluit.

343 3539 419 3591 Haec
436 3539 464 3590 in
481 3541 564 3608 regali
581 3548 752 3608 contrgerunt
767 3541 844 3594 urbe.
869 3555 939 3592 nunc
954 3539 988 3592 ad
1003 3541 1136 3594 Romanoa
1148 3540 1285 3611 principes
1297 3545 1373 3592 traua

273 3607 397 3678 gredior,
416 3609 510 3678 (7460)
528 3611 672 3678 horumque
688 3609 816 3663 historico
833 3626 878 3662 res
895 3609 980 3661 dicam
996 3627 1126 3663 sermone.

343 3679 410 3732 Poat
431 3678 532 3748 regiam
555 3688 658 3750 captam
677 3681 712 3732 ab
730 3679 806 3732 Italia
824 3677 988 3748 metropolim
1005 3681 1165 3734 Theodorus
1180 3678 1269 3731 dietus
1286 3691 1374 3744 eogno-

274 3756 361 3801 meato
387 3747 528 3818 Lascaris,
556 3765 633 3819 quem
650 3748 775 3802 caesaris
793 3747 881 3801 Alexii
898 3748 994 3802 ecimus
1010 3765 1151 3818 generum,
1177 3748 1251 3800 illinc
1276 3744 1375 3801 nocearit

274 3819 403 3870 festinans
421 3834 478 3871 cum
496 3818 624 3886 coninge3
649 3818 746 3885 (7465)
764 3834 875 3888 cumque
891 3817 919 3871 iu
936 3817 1082 3872 Niccanam
1099 3818 1269 3889 pervenisset
1285 3819 1376 3876 urben,

274 3887 315 3939 ibi
338 3887 461 3957 deposuit
482 3887 620 3956 coniugem
637 3885 771 3940 dilectam.
807 3888 867 3956 ipae
884 3895 971 3940 autem
988 3889 1099 3940 Pruaam
1116 3905 1173 3940 cum
1189 3887 1257 3939 locis
1274 3887 1376 3938 circum-

275 3956 368 4022 iectis,
395 3958 512 4026 aliosque
536 3974 618 4026 pagos
643 3973 788 4026 peragrans
807 3964 834 4008 et
850 3958 947 4023 urbes,
973 3956 1077 4011 idoneis
1096 3956 1208 4028 populoa
1229 3953 1376 4012 conciliabat

276 4024 457 4094 sermonibus,
474 4028 569 4094 (7470)
586 4035 616 4079 ut
633 4043 662 4077 ae
679 4043 757 4079 unum
774 4043 864 4095 regem
881 4026 1064 4096 dominumque
1081 4034 1265 4096 agnoscerent.
1300 4038 1377 4092 neque

276 4112 330 4149 uon
353 4112 459 4164 compos
484 4096 540 4148 voti
565 4095 607 4148 aui
629 4095 694 4148 fuit:
720 4095 790 4149 haud
814 4095 882 4148 enim
904 4095 982 4164 longo
1001 4095 1185 4165 praeterlapso
1202 4103 1324 4163 tempore
1339 4103 1376 4144 rer

276 4173 382 4217 creatur
399 4172 427 4216 et
442 4166 601 4234 imperator,
631 4182 742 4236 eumque
762 4165 894 4234 Michail,
911 4165 1078 4234 Byzantinae
1095 4166 1170 4219 urbia
1189 4165 1287 4233 (7475)
1304 4173 1377 4231 nuper

277 4233 387 4286 sortitur
403 4233 570 4301 patriarchae
586 4232 705 4303 titulum,
725 4235 778 4286 rite
794 4234 878 4302 regali
895 4235 1003 4288 redimit
1017 4253 1126 4290 corona.

344 4301 470 4356 Laacaria
494 4320 559 4373 ergo
580 4312 688 4370 creatus
703 4304 849 4374 imperatur
866 4305 972 4374 imperii
989 4306 1092 4376 pondua
1109 4303 1248 4360 admodum
1264 4300 1377 4364 viriliter,
