2967 4859
270 319 345 397 114
688 320 973 391 El’llllllllllUS·

370 492 546 579 κάμνουσαν
559 492 618 579 ἤδη
632 500 675 585 τῷ
685 491 790 582 χρόνῳ
805 498 851 583 τῷ
865 488 1024 583 πομῳάγῳ
1030 540 1041 572 ,

370 600 487 687 ἥδρασε
496 601 585 683 χερσί
600 604 741 681 τεχνιτῶν
757 594 952 681 εάμηχάτως·

371 714 457 780 ναοῖς
469 728 501 768 τε
516 706 641 779 πολλοῖς
654 708 710 787 γῆς
723 698 822 789 κλδνῳ
839 697 1079 788 τεθραυσμίνοις

267 810 354 877 2590
371 807 428 891 τὴν
441 805 574 889 δυνατὴν
587 796 734 890 σάναράιν
749 808 847 887 truffas
862 805 978 892 σφίσιν.

368 909 501 986 πολλοὺς
514 910 547 973 δ’
564 907 755 975 ἐπεσπάσατο
769 914 830 975 τῶν
842 906 1000 973 Ἰουδαίων

368 1012 447 1103 πρὸς
461 1014 559 1079 πίστιν
575 1010 675 1099 ὀρθὴν
685 1007 854 1097 χρημάτων
869 1013 1021 1102 συνεργίᾳ.

371 1120 422 1181 καὶ
433 1113 509 1193 Ῥώς
523 1114 615 1193 ἔθνος
628 1119 700 1202 πρίν
714 1116 935 1202 κεκρατημένον
948 1112 1048 1201 πλάνῃ

182 1202 190 1213 ’
297 1239 305 1249 ·
370 1222 501 1309 Χριστῷ
515 1225 695 1307 προσελθεῖν
709 1220 843 1301 εὐσεβῶς
859 1214 977 1306 δράσας
994 1218 1065 1303 ἔχει.

268 1326 354 1395 2695
373 1325 492 1401 σταλείς
504 1322 564 1410 γάρ
577 1323 681 1401 adroic
695 1319 868 1409 άρχιθάτης
883 1328 945 1388 τῶν
960 1320 1044 1389 πάνυ

370 1426 474 1492 ἴπειθε
489 1424 606 1503 πάντας
621 1433 666 1514 τῷ
679 1430 811 1515 Χριστῷ
822 1425 978 1512 προσιέναι

370 1506 532 1616 εὐαγγελίῳ
548 1532 598 1594 καί
613 1532 754 1616 Χριστοῦ
768 1532 953 1615 τεραστιόις·

372 1633 402 1698 οἱ
417 1634 451 1698 δὲ
464 1634 541 1719 πρὸς
554 1631 651 1697 αὐτοῦ
665 1635 799 1698 κατιδεῖν
814 1632 908 1719 ᾔτουν
922 1632 1015 1719 τίρας

372 1735 450 1823 πρὸς
468 1737 569 1801 πίστιν
582 1726 625 1801 ὧν
638 1734 752 1823 ἴῳασκε
768 1740 910 1822 Χριστοῦ
923 1733 1107 1818 θαυμάτων.

204 1830 208 1836 ’
268 1844 355 1910 2600
375 1838 542 1925 εδαγγίλων
556 1846 630 1925 γοῦν
645 1842 776 1905 πυκτίδα
796 1842 884 1904 θείαν
901 1838 1000 1925 λόγων

372 1942 536 2024 εὖξαμίνου
553 1968 585 2009 τε
604 1944 654 2007 καὶ
670 1942 769 2028 πυρὸς
783 1942 892 2020 θίντος
906 1944 1001 2025 μίσον

372 2044 522 2133 άῳλεκτος
537 2037 621 2112 duro
635 2052 680 2134 τῳ
694 2049 768 2132 πυρὶ
783 2052 828 2133 τῷ
841 2044 1017 2135 παμφάγῳ·

372 2149 402 2214 οἱ
418 2148 450 2215 δ’
469 2150 662 2234 ἐκπλαγέντες
674 2152 892 2237 προστίθενται
905 2152 1019 2238 κυρίῳ,

368 2253 581 2337 βαπτίσματος
598 2250 729 2341 δώρημα
741 2252 1006 2341 προσδεδεγμίνοι.

268 2356 353 2423 2605
433 2358 498 2421 Kal
512 2360 609 2423 παῖδα
621 2358 676 2439 ,τὸν
687 2358 833 2437 Λίοντα,
859 2359 997 2433 πεισθείς
1016 2351 1142 2431 cirinen

371 2463 615 2547 Σανταβαρηνοῦ
624 2457 783 2544 βασκάνου
798 2462 1019 2545 συμβουλίαις,
1121 2499 1127 2519 .

369 2561 480 2648 γόητος
498 2562 629 2650 ἀνδρός,
655 2569 780 2652 φυλακῇ
796 2561 1001 2651 καθειργνάει.

370 2669 423 2730 καὶ
439 2664 514 2748 τάχ’
532 2665 571 2731 dv
585 2666 755 2750 ἀπίσβεοτα
769 2664 899 2751 λύχνους
912 2664 1060 2751 ὀμμάτων

370 2765 388 2833 δ
406 2771 552 2856 ῳιλτατος
565 2776 639 2846 παῖς
654 2768 733 2857 πρὸς
751 2770 948 2858 ῳυτοσπίρου
963 2768 1060 2836 Λίων
1068 2817 1079 2850 ,

268 2871 355 2937 2610
373 2873 400 2936 εἰ
413 2870 459 2955 μὴ
472 2868 662 2959 πατριάρχης
674 2898 707 2939 τε
723 2876 774 2939 καὶ
790 2876 934 2961 γερουσία

371 2979 469 3051 λιταῖς
482 2976 627 3063 άπεῖρξαν
639 2978 813 3061 σκέμματος
829 2978 882 3043 τὸν
894 2975 1021 3063 πατέρα.

372 3076 548 3168 ἔμφρουρος
559 3071 597 3164 ἦν
610 3077 694 3165 ὅμως
710 3082 745 3146 δὲ
756 3072 882 3170 μακρὸν
894 3080 947 3147 τὸν
958 3075 1084 3167 χρόνον.

270 3293 390 3375 aiduarn,
413 3300 466 3361 iarn
491 3307 654 3363 laborantem
681 3310 809 3381 temporis
830 3308 944 3379 iniuria,
970 3306 1100 3363 addeum
1124 3290 1221 3361 reiecit
1242 3305 1375 3377 eleganter
1441 3328 1442 3398 η

269 3392 364 3439 inanu3
397 3376 539 3445 multisque
560 3378 621 3431 aliis
642 3388 732 3433 terrae
756 3388 826 3433 motu
850 3381 946 3434 dirutis
971 3380 1067 3446 (2590)
1092 3374 1207 3429 delubris
1234 3394 1374 3447 congruam

269 3444 453 3513 suppeditavit
474 3463 566 3515 opem:
590 3449 703 3502 ludaeos
729 3466 835 3519 quoque
860 3449 957 3503 multos
979 3448 1014 3501 ad
1037 3454 1135 3499 rectan
1158 3446 1236 3499 fideur
1257 3447 1375 3517 pellexit,

270 3512 344 3567 vitae
362 3516 481 3582 agendae
497 3516 653 3574 adiumentis
669 3520 808 3589 praebitis.
852 3520 917 3589 quin
933 3520 1035 3571 Rossos
1052 3516 1179 3569 hactenus
1197 3516 1285 3569 errori
1301 3515 1375 3570 dedi·

270 3591 312 3635 tos
331 3583 364 3635 ad
383 3583 533 3653 religionem
552 3587 653 3641 Christi
670 3589 774 3641 curavit
790 3589 908 3641 trabere.
944 3586 1039 3655 (2595)
1058 3585 1182 3655 egregius
1201 3585 1298 3639 etenim
1315 3586 1375 3639 mis-

269 3668 317 3705 sus
334 3652 367 3704 ad
387 3652 436 3707 hos
452 3654 593 3725 episcopua
610 3657 696 3711 suasit
712 3658 815 3711 eunctis
832 3666 863 3712 ut
880 3658 913 3711 ad
935 3656 1068 3709 Christum
1085 3654 1251 3725 accederent,
1276 3652 1375 3709 illinisti

270 3720 424 3791 evangeliea
444 3740 554 3777 narrans
578 3726 712 3780 miracula.
756 3735 810 3780 turn
836 3726 917 3781 Rosai
940 3724 1109 3797 postulabant
1131 3724 1234 3792 signum
1259 3742 1374 3787 cernere,

270 3790 341 3859 quod
363 3802 527 3845 narratarum
551 3810 637 3848 rerum
662 3798 742 3850 fidem
765 3798 876 3855 laceret.
924 3796 1019 3861 (2600)
1042 3810 1107 3862 ergo
1130 3792 1208 3846 verbi
1230 3793 1374 3863 evangelici

268 3860 388 3913 divinum
406 3861 501 3914 librum
518 3864 658 3937 episcopua
675 3885 732 3919 euna
750 3866 875 3935 precibus
892 3865 919 3919 in
936 3866 1024 3933 ignem
1042 3862 1131 3927 misit3
1147 3862 1217 3915 huno
1233 3873 1321 3917 autem
1338 3863 1375 3915 sis

269 3929 431 3983 flammarum
448 3948 499 4003 non
514 3931 593 3988 laesit
610 3952 700 3989 vorax.
719 3951 772 4003 qua
789 3951 820 3988 ra
836 3935 944 3990 attoniti
960 3931 1092 3987 dominum
1108 3938 1171 3987 sunt
1185 3932 1273 3987 secuti
1289 3932 1374 4001 Rossi,

192 4013 196 4023 ¹
270 4006 300 4051 ot
316 3999 442 4071 baptismi
458 4018 551 4054 munus
566 4014 750 4074 suseoperunt.
783 4015 788 4027 '

340 4071 436 4137 (2605)
464 4069 538 4124 Exin
561 4073 677 4126 Leonam
700 4073 782 4126 lilium
806 4070 937 4140 Basilius,
966 4069 1146 4125 Santabarani
1168 4068 1292 4124 absurdis
1314 4086 1374 4125 eou-

272 4133 341 4189 siliis
363 4139 527 4209 obsequens,
552 4140 638 4195 invidi
659 4144 791 4213 pravique
810 4141 878 4208 viri,
907 4142 936 4193 in
954 4142 1101 4194 custodiam
1116 4138 1238 4193 tradidit.
1274 4147 1302 4193 et
1319 4138 1373 4209 qui·

272 4205 333 4257 dem
361 4207 451 4262 oeulos
480 4210 552 4263 lorte
579 4211 724 4265 amissurus
755 4220 815 4265 erat
837 4211 949 4265 dilectus
973 4210 1044 4263 lilius
1067 4210 1127 4263 Leo
1146 4210 1269 4262 mandato
1288 4210 1372 4281 patris,

272 4274 369 4341 (toto)
403 4277 432 4330 ni
467 4279 620 4347 patriarcha
653 4298 710 4334 cunr
745 4279 904 4350 conscriptis
934 4280 1054 4349 patribus
1083 4278 1207 4350 precibus
1236 4280 1373 4349 fregissent

272 4344 391 4413 puratis
426 4346 574 4403 eonsilium.
627 4350 675 4405 sod
706 4358 795 4406 tamen
823 4349 922 4407 iamdiu
953 4348 982 4403 in
1012 4347 1125 4403 vinculis
1156 4350 1282 4404 manebat
1312 4349 1371 4403 tao.

1440 3430 1441 3520 l

1438 3542 1440 3642 l
