2967 4859
293 248 370 318 νιο
558 185 563 192 ’
603 213 606 220 ’
704 243 975 312 aanasuoris

291 417 378 486 6616
451 413 525 503 Ἐφ’
542 410 665 501 ἦμιριὲίν
677 411 789 480 τοιίτου
801 440 833 500 γε
847 419 903 498 τῆς
914 415 1102 503 κραταργίας

391 518 532 602 Ἰωάννης
548 517 641 595 ἔξεισι
654 519 915 603 Μνσαρχηγίτης,

394 621 541 705 σύναιμος
552 622 646 689 Ἀσὰν
660 625 711 687 καί
724 624 867 708 Πέτρου,
893 627 949 704 τῆς
961 622 1092 697 Μυσίας

395 727 473 811 μετὰ
487 731 632 811 στρατιᾶς
645 725 724 791 κατὰ
734 723 893 808 Ῥωμαίων
908 723 1000 810 ὅρων,

396 835 447 895 καί
461 828 617 910 διαλαβὼν
630 825 762 894 ὁπλιτῶν
775 834 896 894 πολλῶν
908 829 990 904 ίλαις

294 938 378 1003 6620
395 933 474 999 κατὰ
487 930 635 1015 Ῥοδόπην
649 932 706 1016 τὴν
719 929 939 998 Κωνστιίντιαν
951 929 1039 996 πόλιν

397 1037 566 1127 ᾠκισμένην
582 1029 615 1101 εὖ
629 1038 681 1100 καὶ
696 1034 860 1101 κολάνιιαν
873 1034 972 1113 πόλιν,

396 1139 511 1223 ταύτην
523 1136 737 1224 παρεστήσατο
750 1137 849 1227 ῥᾷστα
862 1145 899 1224 τῇ
912 1135 1010 1223 μάχῃ.

397 1249 449 1310 καὶ
464 1245 648 1328 κατιριίψας
659 1242 712 1307 τδν
724 1244 887 1327 περίβολον
901 1239 997 1318 τάλας
1099 1279 1100 1286 1

398 1352 441 1425 εἷς
458 1345 583 1433 Βάρναν
599 1337 653 1428 ἧκε
666 1346 723 1429 τὴν
737 1344 888 1429 παράλιον
902 1343 1000 1422 πόλιν,

294 1456 378 1519 6626
398 1454 449 1516 καὶ
466 1448 555 1533 τήνδε
572 1451 654 1536 τρισὶ
670 1450 853 1524 κατασείσας
867 1445 997 1533 ἡμέραις
1030 1443 1034 1452 ’

396 1550 587 1640 παραλαβών
602 1579 634 1618 τε
641 1601 652 1631 ,
677 1555 884 1638 κατιδαφίσας
897 1549 973 1634 ἅμα,

363 1679 365 1683 ·
396 1661 448 1724 καὶ
462 1657 534 1732 τοὺς
548 1658 579 1721 ἐν
594 1655 674 1742 αὐτῇ
685 1653 885 1737 καταχώσας,
912 1661 972 1740 φεῦ
985 1650 1119 1733 πάθους,
1169 1678 1171 1682 ’

396 1761 492 1841 ζωοδς
505 1757 649 1846 ἀλάστωρ
663 1759 867 1846 παρακειμένη
882 1757 993 1847 τάφρῳ

395 1864 474 1930 κατὰ
485 1865 564 1948 μίγα
578 1861 736 1944 σάββατον
748 1861 957 1946 εὐλογημένοι,

292 1971 379 2033 6630
396 1969 492 2052 μηδὲν
505 1970 670 2049 σιβασθιὶς
684 1966 723 2030 τὰ
736 1969 877 2051 Χριστοῦ
891 1971 964 2030 &sio
978 1962 1078 2049 πάθη,

395 2074 511 2137 ἐκεῖθεν
524 2070 676 2149 άνίζιυξιν
688 2074 730 2146 τίς
742 2070 798 2152 τὴν
810 2071 955 2154 πατρίδα.

460 2178 586 2238 Φαῧλον
599 2173 758 2260 τραγῳδὸν
772 2173 827 2237 οὐκ
841 2172 902 2238 ἔδει
914 2171 1062 2259 παριέναι,

395 2285 534 2344 τοιοῦτον
549 2274 614 2354 οἷος
629 2275 672 2342 ὢν
684 2274 742 2361 ι’γιά
758 2301 791 2360 γε
803 2274 954 2361 τυγχάνω,

396 2386 439 2459 εἷς
454 2387 624 2467 συμφορῶν
639 2381 786 2464 πέλαγος,
808 2382 850 2456 τίς
864 2376 955 2446 τόσον
968 2376 1071 2463 βάθος

293 2487 378 2552 6635
399 2487 570 2573 τραγῳδίας
581 2510 613 2549 τι
626 2487 677 2548 καί
692 2490 794 2548 κακῶν
805 2479 945 2562 Ἰλιάδος,

396 2588 417 2652 ἃ
431 2586 531 2652 πάντα
544 2589 719 2670 συμβέβηκε
733 2594 771 2673 τῇ
787 2587 1037 2652 Κωνσταντίνοο·

398 2691 469 2755 ἀλλ’
489 2689 627 2768 Soracte
642 2690 771 2774 ἤμελλεν
786 2692 819 2755 ἐκ
836 2691 1001 2774 διαμέτρου

393 2794 515 2879 ἅπαητα
526 2802 611 2860 νικᾶν
622 2793 765 2880 τραγικὸν
778 2793 856 2880 πρὸς
868 2795 902 2858 τὸ
917 2795 1029 2858 κλαίειν
1094 2805 1096 2812 ’

396 2902 446 2964 καὶ
462 2899 697 2986 δραματουργὸν
711 2903 881 2984 συμφορῶν
896 2896 1107 2982 ἀνθρωπίνων,

293 3000 380 3073 6640
399 2998 460 3066 οἷοί
473 3028 529 3088 περ
545 3001 629 3076 ὄντες
640 2999 840 3084 τυγχάνουσιν
853 2997 987 3078 ἐκτόπως

395 3110 565 3194 Σοφοκλιΐς
578 3103 733 3188 Αἷσχάλοι
748 3129 779 3169 τι
794 3103 851 3170 σδν
865 3103 1058 3193 Εὐριπίδαις.
1085 3157 1088 3164 ,

242 3346 248 3355 .
282 3349 285 3356 .
364 3298 459 3365 (6615)
477 3296 568 3350 Adhuc
585 3297 678 3351 Alexio
695 3297 828 3352 retinente
846 3298 996 3368 imperium,
1019 3296 1115 3352 Asanis
1133 3302 1215 3366 atque
1231 3297 1311 3352 Petri
1330 3298 1394 3352 Moe·

292 3383 380 3420 sorore
402 3368 501 3433 frater,
534 3369 561 3420 in
584 3368 736 3438 principatu
760 3369 864 3438 patriae
886 3385 1039 3437 successor,
1070 3369 1184 3420 Ioannes
1210 3385 1285 3421 arma
1313 3367 1396 3420 extulit

294 3446 387 3488 contra
403 3435 557 3504 imperium
584 3440 726 3505 statimque
748 3454 890 3506 aggressus
914 3455 970 3492 cum
995 3437 1107 3508 plurimo
1125 3437 1244 3489 exercitu
1264 3439 1360 3504 (6620)
1374 3437 1394 3486 io

293 3505 459 3572 Rhodopeiis
478 3504 548 3572 iugis
565 3507 747 3560 Constantiam
766 3510 858 3560 urbem
875 3508 944 3559 bene
965 3508 1089 3560 munitam
1106 3507 1278 3574 fastigiisque
1296 3505 1395 3575 imposi-

293 3584 347 3628 tam
373 3575 448 3626 facili
471 3574 573 3643 proelio
598 3576 650 3628 sibi
675 3575 833 3633 vindicavit.
877 3575 955 3630 huius
979 3577 1089 3629 deiectis
1116 3576 1253 3629 moenibus
1280 3576 1396 3628 scelestos

292 3644 370 3701 homo
386 3644 501 3696 Veniam
519 3647 639 3714 perrexit
658 3648 748 3698 urbem
768 3646 802 3699 ad
820 3663 892 3698 mare
909 3646 1001 3713 sitam,
1028 3645 1123 3713 (6625)
1142 3662 1219 3714 quaro
1238 3645 1396 3698 continenter

292 3715 378 3768 tribus
396 3713 641 3782 diebuslquassan
660 3724 793 3783 postremo
812 3722 915 3784 captam
933 3715 1093 3784 exaequavit
1110 3716 1177 3782 solo,
1206 3714 1319 3782 eiusque
1334 3715 1396 3765 cives

291 3783 322 3836 io
338 3783 460 3836 subiecta
479 3784 552 3836 fossa
570 3783 613 3835 hio
630 3784 741 3836 daemon
760 3785 848 3838 obruit
865 3785 951 3854 vivos,
971 3785 1023 3836 heu
1041 3785 1173 3839 dolorem!
1197 3785 1303 3836 sabbati
1321 3781 1396 3850 magni

292 3862 321 3907 et
345 3852 479 3906 benedicti
505 3852 563 3919 die,
591 3853 687 3919 (6630)
705 3853 807 3907 Christi
830 3871 931 3907 sacram
948 3853 1099 3924 passionem
1116 3854 1153 3906 nil
1170 3854 1316 3908 reveritus.
1352 3862 1396 3905 tuo

290 3924 392 3976 demum
411 3923 530 3974 insuam
549 3921 660 3990 patriam
680 3930 721 3973 est
737 3939 872 3975 reversus.

360 3993 440 4044 Nund
459 4008 526 4060 opos
544 3990 614 4042 houd
631 3991 723 4059 inepto
741 3992 868 4060 tragoedo
886 3993 971 4060 foret,
991 3990 1078 4062 qualis
1096 4008 1229 4059 sunago,
1248 3996 1279 4044 ut
1296 4007 1395 4044 cauere·

292 4065 337 4112 tur
353 4061 434 4128 digne
452 4060 627 4115 calamitatum
646 4061 754 4128 pelagus
776 4073 802 4114 et
820 4063 942 4129 abyssus,
961 4063 1056 4130 (6635)
1075 4061 1200 4114 malorum
1217 4061 1325 4129 inquom
1342 4060 1393 4112 liias

293 4139 322 4181 et
337 4131 491 4198 tragoedia,
517 4147 587 4198 quae
604 4129 774 4182 Constantini
800 4130 877 4182 simul
903 4132 961 4183 urbi
987 4130 1109 4199 contigit.
1153 4131 1231 4183 immo
1250 4147 1318 4198 opus
1335 4131 1393 4182 ieret

293 4207 385 4250 contra
402 4217 500 4254 summo
518 4209 596 4263 vate,
622 4198 668 4267 qui
691 4200 810 4267 quemvis
828 4207 968 4268 superaret
984 4201 1113 4269 plorando
1130 4198 1263 4267 tragicum
1281 4201 1393 4252 hamsoc-

292 4283 403 4338 romqoe
426 4278 542 4322 actorem
559 4268 739 4338 miseriarum,
767 4268 861 4338 (6640)
879 4269 969 4341 quales
993 4271 1103 4326 sonunt
1125 4268 1231 4329 scilicet
1253 4268 1297 4323 illi
1318 4264 1391 4324 sosii
