2967 4859
635 307 887 411 renerum
1287 320 1312 387 s

201 482 274 533 cano
300 484 402 529 nornen
429 466 593 553 Ephraemii
620 490 676 538 non
702 474 823 561 legitm;
855 496 946 562 neque
970 471 1000 541 id
1023 498 1081 565 ego
1105 477 1309 558 divinavissem,

198 581 255 647 uisi
276 595 438 669 comparato
459 586 558 652 codice
576 612 635 654 enm
653 593 771 658 laudatis
788 596 825 659 ah
843 594 948 660 Aliatio
965 594 1127 682 fragmentis
1143 598 1212 662 mihi
1231 600 1308 664 inno·

197 700 305 767 tuisset.
348 718 475 791 superest
500 729 574 797 ergo
598 723 626 775 nt
650 710 768 777 Allatius
786 714 933 781 vodolium
950 690 1076 781 codicem
1093 713 1165 803 prae
1181 718 1308 783 manihus

197 817 343 899 hahuerit,
376 826 424 889 vel
451 838 530 893 certe
555 828 717 897 Vaticanum
738 834 858 900 nondum
875 834 994 901 fortasse
1010 847 1068 902 tum
1084 836 1248 922 acephalum
1265 836 1306 899 le·

197 940 289 1025 gerit,
320 963 423 1027 paucas
449 959 541 1011 autem
567 951 719 1017 varietates
736 953 800 1039 ipse
817 956 979 1021 exsmihens
1000 954 1137 1022 effecerit.
1179 953 1308 1041 proiecto

197 1078 260 1123 nun
288 1058 384 1160 folium
410 1067 595 1135 tantummodo
621 1072 740 1157 primum
766 1096 786 1137 a
814 1075 913 1141 codice
939 1075 1028 1153 absit,
1058 1077 1088 1141 in
1119 1095 1174 1161 qno
1205 1094 1308 1138 nomen

93 1218 100 1233 .
196 1180 320 1247 sudoris
346 1202 411 1250 esse
438 1185 550 1265 dehuit,
578 1189 661 1257 valde
688 1194 815 1279 suspicor
840 1205 904 1278 post
925 1192 1022 1259 Adatii
1046 1204 1166 1259 aetatem
1182 1192 1213 1262 id
1231 1190 1306 1257 exci-

196 1295 288 1374 disse,
321 1320 383 1367 omn
403 1304 495 1371 codex
511 1308 564 1373 Pio
581 1308 622 1375 vl
639 1322 791 1398 regnante,
820 1314 897 1378 cuius
913 1334 985 1378 nuno
1005 1323 1150 1378 nummata
1167 1311 1260 1398 gerit,
1288 1332 1308 1375 a

193 1416 368 1509 hihliopego
387 1436 546 1511 compactus
569 1426 628 1493 tuit.
672 1440 701 1493 et
725 1451 794 1494 sanc
816 1431 885 1498 mihi
902 1430 1128 1497 .narrant.·multa
1150 1428 1306 1495 huiusmodi

95 1586 99 1599 .
193 1538 295 1607 damna
312 1543 349 1608 ah
366 1564 518 1631 operarum
536 1547 644 1612 inscitia
662 1548 805 1617 Vaticanis
819 1551 978 1628 codicibus,
997 1552 1161 1637 praesertim
1175 1550 1304 1625 Graecis,

192 1660 339 1731 accidisse.
382 1664 434 1729 sed
458 1664 496 1730 de
520 1666 619 1744 codice
642 1668 787 1735 haetenus.
831 1671 886 1735 iam
914 1693 975 1735 cum
1001 1692 1091 1755 neque
1108 1669 1243 1745 Allatins,
1275 1677 1305 1731 nt

192 1780 273 1859 dixi,
298 1758 401 1869 'neque
428 1784 479 1850 alii
506 1787 607 1853 eruditi
635 1790 780 1875 quicquam
810 1789 848 1855 de
878 1791 1051 1875 Ephraemio
1083 1785 1304 1885 chronographo
1369 1814 1375 1823 ¹

80 1896 84 1904 '
189 1922 309 1968 nmero
336 1901 497 1983 videantur,
529 1906 599 1972 mihi
622 1908 734 1994 quidem
757 1909 796 1975 de
817 1910 881 1977 viro
901 1908 957 1973 hoe
977 1908 1123 1996 quaerenti
1141 1896 1306 1971 occurrebat

190 2019 377 2107 Ephraemius
402 2022 468 2101 ille,
500 2046 583 2110 quem
609 2025 749 2093 lohannes
773 2028 830 2094 XII
859 2027 1021 2114 patriarcha
1052 2027 1212 2115 Cpolitanus
1238 2035 1305 2089 ants
1339 2114 1345 2131 Ι

191 2163 300 2205 sacram
323 2164 401 2205 snam
425 2142 587 2229 dignitatem
604 2144 739 2234 legitimis
756 2150 858 2235 nuptiis
875 2149 986 2238 gernic
1014 2148 1051 2215 de
1068 2168 1125 2234 quo
1141 2142 1302 2209 nominatim

190 2260 363 2347 Ephraemio
390 2259 481 2327 verba
509 2260 575 2326 iacit
601 2262 789 2353 Pachpmeres
806 2269 836 2331 in
852 2266 989 2351 praedicti
1006 2256 1186 2352 patriarchae
1202 2262 1301 2327 notitia

190 2390 256 2445 tom.
277 2387 297 2449 2
318 2380 410 2444 lint
435 2385 492 2455 11,
524 2380 589 2447 dum
614 2384 655 2448 air
683 2385 832 2470 episcopos
859 2387 932 2451 inter
959 2396 1069 2450 ceteras
1095 2382 1302 2449 criminationes

187 2497 377 2585 patriarcham
399 2493 618 2581 reprehendisse
642 2499 716 2583 quod
733 2499 809 2559 hona
826 2502 966 2563 ecciesiae
981 2501 1156 2584 Ephraemio
1172 2498 1233 2560 tilio
1250 2518 1302 2562 suo

190 2618 376 2707 dispensanda
399 2614 585 2701 relinqueret,
610 2637 667 2681 non
689 2617 835 2682 constituto
859 2631 940 2703 prout
959 2618 1043 2706 leges
1063 2614 1197 2683 iuhehant
1215 2636 1299 2680 occo·

189 2761 284 2807 nomo.
328 2756 432 2825 reapse
458 2746 487 2798 et
511 2744 607 2799 noser
630 2733 864 2823 chronographus
881 2738 910 2802 in
926 2737 1150 2823 patriarcharum
1167 2736 1298 2823 catalogo

188 2869 324 2927 memorat
343 2855 492 2921 masculum
512 2851 643 2918 iohannis
654 2854 706 2919 ΧΠ
727 2852 830 2933 hlium
851 2856 903 2921 sed
921 2857 958 2922 de
975 2879 1008 2922 se
1025 2858 1088 2943 ipm
1104 2856 1178 2921 haud
1194 2854 1301 2922 diserte

188 2979 264 3065 ioqui
296 2976 443 3067 significat.
486 2986 634 3039 ettamen
660 2986 739 3039 aetas
770 2976 898 3061 apprime
927 2977 1071 3064 congruit:
1102 2996 1221 3063 namque
1248 2975 1297 3040 hic

187 3099 327 3165 lohannes
365 3094 582 3183 patriarchatum
612 3094 723 3159 retinnit
753 3118 839 3181 usqne
870 3092 907 3157 ad
939 3093 1044 3160 Christi
1075 3117 1173 3159 annum
1202 3093 1295 3173 1304,

188 3232 284 3285 noser
314 3228 405 3282 autern
436 3214 622 3300 Ephrasrnius
653 3213 804 3279 chronicon
832 3237 910 3278 suum
936 3235 1010 3280 anno
1039 3217 1122 3281 1313
1150 3214 1295 3279 concludit.

188 3334 323 3427 ianr'ego
344 3335 436 3401 fontes
453 3332 659 3419 Ephraemicas
681 3332 883 3420 chronologias
904 3332 1043 3421 comperi,
1073 3334 1214 3400 Zonarmr
1234 3332 1294 3416 qni·

147 3532 150 3538 ¹
188 3458 251 3523 dem
272 3476 359 3543 usque
380 3453 417 3519 ad
438 3451 567 3519 Alexiil
599 3451 735 3519 Gomneni
756 3453 877 3529 obitum,
908 3453 1037 3521 Nicetam
1065 3452 1230 3521 Choniatam
1250 3470 1295 3517 us·

189 3598 243 3661 quc
264 3576 302 3639 ad
322 3571 516 3646 Balduinnml
548 3573 760 3658 imperatorem,
793 3572 895 3639 deinde
921 3595 993 3639 uero
1022 3573 1176 3664 Georgium
1205 3574 1295 3640 Acro·

169 3695 312 3787 'politam
356 3714 413 3781 ego
434 3714 505 3759 vero
526 3692 601 3778 qnod
620 3692 807 3779 Ephraemins
827 3693 972 3759 historiam
992 3694 1103 3778 poetico
1120 3708 1210 3761 metro
1228 3715 1292 3757 con-

189 4014 314 4084 tenuent
331 4013 403 4089 depe,-
429 4019 459 4071 et
481 4015 593 4073 Anatim
615 4016 666 4073 loo.
690 4014 737 4073 cit.
760 3974 876 4085 eunden
901 4012 985 4074 θέαν.
1019 4019 1090 4089 apud
1113 4035 1155 4071 me
1176 4033 1205 4073 v.
1222 4017 1292 4074 7404
1316 3978 1320 3983 -

189 4098 423 4164 daemomonem.-
438 4108 468 4157 st
483 4102 593 4158 Allatins
609 4103 662 4157 loc.
681 4101 728 4158 eit.
744 4099 980 4166 ἐπεισπεπωκός.
1013 4105 1084 4175 apud
1101 4120 1143 4157 mc
1158 4118 1187 4159 v.
1208 4106 1291 4160 10355

187 4203 243 4330 pipi
256 4194 285 4245 st
310 4188 395 4245 10359
417 4184 532 4252 &durior
555 4189 717 4247 atanarico
739 4208 798 4245 που
821 4195 850 4245 et
871 4186 988 4261 iudeis,
1012 4197 1043 4245 nt
1062 4190 1172 4263 proprio
1187 4190 1216 4247 in
1232 4190 1290 4246 icco
