2967 4859
374 295 433 363 DE
456 288 616 362 iutuitu
639 286 753 361 DUGA
776 285 982 356 vuitiza.
1156 281 1231 356 333

291 467 400 548 Οὕτως
413 410 597 553 ῑχόιτωνῶς
608 460 685 553 έφην
696 465 762 529 τῶν»
772 455 970 550 πραγμάτων,

218 571 312 640 Ἅσὰν
325 569 520 641 τολωπεόοντι
534 568 576 638 τὰ
592 565 672 633 κατὰ
685 561 789 649 μάχην

224 677 399 764 ἀγγέλλεται
412 673 540 761 μῆννμα
552 671 665 757 μεστὸν
677 671 811 755 πειρίας,

224 776 268 859 ὥς
282 779 411 867 σόζνγός
422 806 455 849 τε
470 781 521 845 καί
536 778 594 845 σὺν
608 775 687 862 αότῇ
702 775 825 838 παιδίον

118 882 204 951 8275
222 888 274 950 καί
291 884 444 972 Τρινόβοο
458 880 609 972 πρόεδρος
622 879 732 946 αὐτίκα
743 875 831 960 μάλα

220 995 367 1056 τεθνᾶσιν
379 987 440 1072 ἤδη
446 1037 458 1069 ,
482 985 536 1054 τὸν
546 988 617 1069 βίον
627 978 810 1057 λελοιπότες.

221 1092 265 1170 ὥς
279 1085 333 1159 οὗν
348 1093 438 1159 ταῦτ’
455 1087 627 1175 inuictum,
653 1083 750 1163 λόσας
766 1083 822 1169 τὴν
837 1074 941 1167 μόχην

219 1197 316 1274 εὐθὺς
331 1197 504 1276 ε’πανίζενξε
518 1192 596 1280 πρὸς
609 1188 666 1276 τῆν’
683 1190 824 1272 Μυσίαν,

218 1303 292 1387 πυρὶ
306 1299 465 1387 παραόοῦς
476 1298 599 1381 τειχέων
611 1294 818 1382 καθαιρέσεις.

111 1407 202 1472 8280
215 1403 311 1488 μόνον
326 1405 361 1470 δέ
375 1410 475 1493 φῦλον,
485 1401 611 1468 Ἰταλῶν
624 1399 826 1482 λελειμμένον,

218 1511 271 1574 καί
284 1509 370 1574 τοῦτ’
388 1508 560 1587 έπανεῒεαξε
573 1503 651 1591 πρός
665 1502 850 1582 Βαζαντίόα,

217 1611 296 1679 ἄστυ
312 1611 451 1689 λελοιπός
465 1611 567 1687 ἀσινὲς
579 1605 702 1693 βλάβης
716 1607 798 1689 δίχα.

212 1714 306 1783 Ἅσὰν
322 1717 357 1781 δέ
372 1718 471 1792 συνεὶς
485 1718 652 1800 συμφορᾶς
666 1710 722 1793 τὴν
736 1711 847 1786 αἰτίαν,

216 1817 259 1897 ὦς
275 1818 384 1895 έιιτισις
398 1819 513 1906 πέφυκε
527 1823 582 1901 τῆς
596 1815 752 1901 έφοριιέας,
825 1849 828 1856 ·

110 1925 197 1992 8285
214 1921 412 2008 πρεσβεύεται
423 1919 552 2006 τάχιστα
564 1919 642 2005 πρὸς
652 1915 795 1998 βασιλέα,

213 2026 348 2092 ἆνανεῶν
361 2024 455 2110 κῆδός
469 2051 502 2090 τε
518 2025 570 2088 καὶ
585 2016 800 2104 συμβιβόσεις,

215 2130 378 2216 ἃόέδρακε
391 2132 477 2217 πρίν,
496 2127 629 2212 ἠθέτησε
644 2124 676 2190 δ’
692 2121 838 2210 ὑστέρως.

213 2231 231 2299 ό
248 2235 281 2299 ‹l’
299 2234 439 2317 ἀσμένως
450 2231 563 2317 ἤκουσε
577 2230 740 2317 πρεσβείας
756 2225 875 2311 λόγους,

215 2340 267 2403 καί
281 2339 440 2405 σπένδεται
456 2337 495 2420 δὴ
510 2331 706 2420 συγγινώσκει
718 2330 750 2397 τ’
768 2322 808 2395 αὖ
823 2329 909 2414 μάλα

109 2447 196 2512 8290
211 2448 409 2527 μετανοοῦντι
423 2429 612 2526 Βοαλγόρων
626 2435 777 2526 ἀρχηγέτῃ

213 2547 265 2635 ἔφ’
283 2541 330 2624 οἷς
344 2550 446 2623 κακῶς
458 2543 586 2629 έπραξεν
599 2540 710 2626 ὅρκους
722 2535 868 2624 συγχέας·

211 2647 246 2728 ὃς
258 2648 365 2715 λοιπόν
376 2650 550 2736 ένπέπομφε
560 2648 611 2712 καί
623 2643 793 2730 θυγατέρα,

210 2757 262 2820 sal
279 2751 481 2838 σαμβιβόσεις
494 2753 625 2835 ἔμπεδοῖ
635 2750 686 2813 καί
703 2748 817 2834 φιλίαν.

208 2861 260 2924 καὶ
273 2856 365 2923 πόλιν
377 2853 529 2922 Αὐσόνων
545 2879 577 2920 τε
594 2842 785 2937 Βονλγόρων
798 2849 892 2934 μέσον

106 2959 190 3028 8295
208 2958 346 3047 ὑπῆρχεν
360 2958 483 3047 εἰρήνης
495 2960 547 3023 καὶ
563 2959 668 3045 φιλίας
683 2956 781 3031 κλέος.

266 3063 489 3149 Ἕξαπορηθεὶς
501 3070 566 3139 τοῖς
578 3059 663 3137 ίίλοις
678 3049 870 3136 Βαλδουῗνος

271 3226 339 3282 8295
356 3243 387 3280 τε
403 3224 451 3280 καί
469 3226 492 3278 V

172 3363 246 3417 lices
262 3371 348 3418 autem
366 3366 446 3418 rebus
462 3365 501 3419 ita
518 3381 549 3419 ss
564 3363 725 3419 habentibus
742 3357 841 3430 Asuui,
867 3365 898 3412 ut
914 3355 985 3424 (lixi,
1010 3355 1044 3410 ad
1060 3351 1156 3408 bellum
1174 3348 1216 3402 ln·

102 3432 236 3486 cumbenti
263 3435 369 3490 nuntius
393 3435 470 3488 venit
490 3434 583 3506 plenus
608 3433 727 3487 amaritia
751 3447 860 3485 uxorem
885 3425 961 3480 simul
985 3425 1043 3479 eiua
1061 3441 1093 3477 ac
1109 3419 1217 3476 filiolum

102 3503 200 3571 (8275)
224 3510 305 3572 utque
329 3504 550 3575 archipraesulem
576 3503 697 3558 Terncbi
722 3510 834 3572 repente
855 3497 936 3552 vitam
955 3511 1013 3550 curu
1030 3499 1115 3547 morte
1132 3505 1217 3559 nuper

100 3581 285 3627 commutasse.
321 3575 416 3644 quibus
432 3573 478 3627 ills
494 3573 606 3641 auditis,
633 3573 728 3626 omisso
752 3571 837 3638 bello,
862 3566 950 3621 statim
967 3565 996 3617 in
1013 3563 1141 3618 Moesiam
1160 3577 1216 3612 ma·

100 3641 204 3694 turuvit
220 3642 346 3712 reditum,
362 3643 372 3696 i
392 3661 422 3697 se
439 3644 600 3712 consumptis
617 3641 720 3697 bellicis
736 3639 885 3694 tormentis.
922 3636 1017 3704 (8280)
1034 3641 1099 3688 tunc
1116 3640 1144 3683 et
1162 3629 1215 3682 La-

98 3711 157 3764 tina
174 3711 304 3765 derelicta
322 3714 356 3784 ph
384 3732 437 3767 anx
451 3713 610 3783 Byzantium
626 3715 679 3767 sibi
696 3710 857 3765 redeundum
873 3706 992 3774 censuit,
1011 3713 1039 3758 et
1053 3705 1098 3756 sic.
1108 3701 1214 3754 Tzura·

98 3779 140 3833 lus
159 3781 278 3849 perstitit
295 3782 442 3838 incolumis.
477 3793 541 3837 tunc
557 3801 622 3836 vero
642 3783 742 3836 Asanes
759 3777 932 3834 infortunium
949 3791 1023 3828 suum
1041 3772 1135 3825 iustum
1154 3783 1217 3837 per-

98 3849 164 3902 iurii
180 3867 291 3918 poenam
309 3871 369 3906 esse
385 3848 547 3922 intelligens,
565 3855 660 3921 (8285)
675 3851 797 3923 protinus
813 3847 886 3902 misit
903 3846 937 3900 ad
954 3845 1096 3897 Caesarem
1113 3840 1231 3912 legatos·

97 3936 192 3990 pacem
216 3921 366 3975 instaurans
391 3933 419 3976 et
444 3923 616 3991 affinitatem,
643 3939 720 3992 quarn
747 3921 806 3974 olim
825 3920 849 3971 is
866 3915 1036 3986 compositam
1053 3927 1114 3964 mox
1130 3905 1215 3960 resci-

97 3991 186 4042 derat.
208 3989 310 4044 Cacsar
326 3991 440 4047 libenter
457 3992 615 4062 legationem
634 3991 719 4044 audiit
734 3991 883 4058 foedusque
900 3982 1051 4050 renovavit,
1069 3987 1097 4034 et
1111 3977 1216 4032 veniam

98 4059 197 4144 obtulit
213 4062 307 4126 (82901
325 4063 496 4134 resipiscenti
512 4061 685 4132 Bulgarcrnm
702 4062 762 4132 regi
778 4063 812 4116 de
829 4063 928 4116 violato
944 4061 1008 4114 fidei
1025 4061 1127 4116 iuratae
1143 4061 1216 4118 iuret

97 4147 144 4200 qur
163 4147 224 4183 mcx
242 4131 366 4184 etlilium
387 4134 491 4188 remisit
507 4134 540 4187 ad
559 4150 699 4203 sponsum,
724 4141 753 4185 et
773 4133 940 4186 conlirmuvit
957 4131 1052 4185 foedus
1071 4131 1214 4187 amicitiae.

96 4209 179 4271 atque
203 4200 243 4322 ipa
265 4215 358 4323 rptrsus
381 4203 454 4257 inter
478 4220 527 4257 nes
551 4219 584 4256 ac
605 4200 736 4272 Bulgarua
763 4202 859 4271 (8295)
876 4201 1075 4258 benivolentiae
1092 4218 1125 4256 ac
1142 4202 1216 4272 pacis

95 4286 190 4323 munus
229 4285 310 4322 orni.

163 4341 201 4393 At
221 4339 367 4396 balduinus
389 4344 470 4400 rebus
492 4342 550 4396 suis
566 4341 727 4412 desperans,
755 4347 901 4414 propterea
918 4340 989 4412 quoi
1005 4340 1035 4394 in
1052 4341 1120 4396 urbs
1135 4339 1215 4413 cpoli
