2967 4859
346 279 350 288 ·
443 265 502 344 DE
525 265 803 338 Parmenonis
828 269 889 338 cs,

242 429 329 513 κλίος
343 441 504 519 μοναστῶν
519 433 585 521 ἅμα
597 438 649 503 καλ
663 414 888 527 πρεσβοτίραν,

239 546 336 621 μονῆς
350 541 506 627 προεστῶς
519 542 647 626 εὐαγοῦς
657 543 824 626 Γαλησίοσ,
859 594 861 597 -

240 648 339 728 πρᾶος
347 646 465 729 χαρίεις
478 647 529 710 καὶ
542 651 620 710 θεοῦ
633 645 752 732 τρίμεον
764 645 886 728 νόμους,

238 744 457 834 πτωχοτρόςοος
473 750 643 835 eborense,
664 748 871 835 εὕσπλαγχνος
887 745 987 838 φύσει,

100 845 218 912 10305
242 844 284 926 εἷς
297 857 494 938 πατριαρχῶν
508 852 561 918 τὸν
576 853 760 937 περίπυστον
772 854 888 942 θρόνον

242 949 384 1038 ἀνάγεται
400 956 438 1039 δὴ
454 962 618 1034 κανονικῶς
629 955 733 1034 ἀξίως,

240 1053 356 1144 κλήρου
368 1059 467 1124 πίλων
481 1055 523 1136 εἷς
537 1059 761 1141 τοῶβασολείοο
774 1056 881 1140 πάλαι,

239 1156 342 1244 γήμας
353 1185 385 1226 τε
400 1170 517 1244 σεμνῶς
530 1165 581 1230 καὶ
595 1162 689 1228 reads
701 1164 877 1252 θυγατέρα·

240 1259 295 1328 εἶτ’
313 1263 479 1345 ἀποβολῶν
493 1264 622 1354 θανάτῳ
638 1268 816 1345 σονευνέτιν,
836 1253 840 1261 “

103 1365 219 1432 10310
239 1369 291 1430 καί
306 1363 346 1432 τὰ
360 1374 504 1453 μοναχῶν
517 1365 633 1446 ὑποδὺς
645 1366 824 1454 ὄμοψῦχως,

240 1459 337 1556 elpes
355 1473 473 1554 δοχεΐον
490 1475 611 1559 ἀρετῶν
620 1479 681 1538 τῶν
698 1474 824 1551 ἐνθέων,

241 1564 345 1640 ἔπειτα
358 1575 471 1659 ποιμὴν
483 1582 538 1660 τῆς
548 1581 644 1660 μονῆς
656 1577 687 1638 Γ
684 1578 823 1660 αλησίσο,

241 1679 292 1740 καὶ
308 1677 513 1764 ποιμενάρχης
528 1679 698 1764 ἀρχιθτίτης
714 1680 745 1745 τ’
766 1673 806 1744 οὗ
823 1677 929 1764 μέγας.

241 1781 304 1844 ἐπεὶ
321 1779 351 1844 d’
368 1781 492 1854 Ἰταλῶν
508 1779 609 1866 δόγμα
621 1780 857 1870 παρεισεφῦῶρη

106 1883 217 1950 10315
241 1883 273 1947 ἐν
288 1890 326 1970 τῇ
342 1884 421 1948 καθ’
439 1881 521 1968 ἡμᾶς
536 1886 573 1950 οὐ
587 1891 688 1960 καλῶς
702 1887 845 1975 ἐκκλησίᾳ

239 1983 350 2052 codano
368 1987 561 2066 δαθύνοντος
575 1990 709 2070 εὐσεβῶς
721 1988 848 2075 θρόνον,

240 2092 292 2154 καὶ
308 2092 383 2180 τῷδ’
401 2092 511 2174 ἐπῆκτο
524 2090 596 2158 τάδ’
613 2093 743 2170 ἐπαινεῖν
755 2111 802 2168 τις
812 2093 878 2174 βία,

278 2265 362 2325 10315
381 2263 569 2341 Ephraemium
586 2262 699 2326 animam
716 2277 825 2342 pto'rsus
842 2275 937 2339 gerere
953 2257 1145 2323 schismaticum
1159 2259 1222 2326 alibi
1323 2288 1328 2298 ¹

276 2355 382 2410 quaque
408 2341 593 2411 cognovimus,
620 2350 648 2394 et
671 2357 740 2394 nunc
758 2343 798 2393 his
815 2339 937 2393 factiosis
954 2339 983 2391 ln
1000 2339 1140 2408 losephum
1163 2339 1221 2394 lau·
1244 2403 1254 2415 „

278 2409 354 2462 dibus
372 2426 463 2462 rursus
480 2411 683 2465 demonstratur.
719 2429 773 2467 uon
791 2418 833 2464 est
850 2416 936 2463 autem
949 2408 993 2462 hic
1003 2408 1077 2464 locus
1087 2411 1223 2464 refutandi

277 2479 440 2532 Graecorum
456 2495 561 2534 errores
578 2487 605 2532 et
619 2479 748 2544 schisma3
767 2482 795 2533 id
813 2479 882 2550 qnod
899 2478 951 2531 iam
968 2478 1113 2532 doctissimi
1128 2481 1222 2533 catho-

276 2545 323 2600 lici
342 2548 540 2617 preestitetunt‚
559 2547 684 2619 princeps
701 2551 806 2618 quidem
823 2549 917 2602 merito
936 2555 965 2600 et
980 2547 1084 2600 infinita
1102 2549 1222 2602 doctrina

276 2617 403 2685 dilutius,
430 2627 484 2672 tum
502 2618 645 2688 Arcadius,
671 2619 865 2690 damophilus,
891 2617 1001 2686 Celsen,
1025 2617 1223 2690 Popadopulns,

276 2681 407 2753 Batonius
440 2686 544 2742 Natalis
556 2687 718 2756 Alexander,
736 2689 884 2758 Leqninius
901 2688 930 2740 in
947 2687 1053 2740 dissert.
1064 2695 1092 2741 et
1103 2688 1224 2758 panopl.‚

277 2756 377 2825 aliique
392 2756 508 2827 purimi.
534 2759 567 2811 de
585 2753 770 2812 defensoribus
787 2749 892 2826 quidem
908 2751 1021 2810 Graecis
1037 2757 1134 2825 legesis
1151 2757 1223 2809 Alla-

277 2825 343 2878 tium
361 2825 394 2878 de
410 2828 507 2892 synod.
524 2827 626 2896 Ephes.
645 2845 670 2880 c.
688 2829 721 2881 57
743 2847 772 2898 p.
791 2829 851 2881 571.
889 2844 922 2879 ex
940 2826 974 2878 iis
992 2835 1078 2880 autem
1096 2828 1141 2894 qui
1159 2838 1222 2878 tunc

277 2893 445 2948 concordiam
462 2913 520 2950 cum
537 2895 641 2950 Latinis
658 2897 824 2965 dogmatibus
848 2895 896 2963 (id
913 2902 956 2948 est
971 2911 1030 2948 cum
1048 2895 1223 2964 orthodoxia)

275 2962 339 3016 tuiti
361 2969 440 3030 sant,
466 2965 532 3017 duos
555 2981 699 3019 memorare
722 2967 788 3019 satis
814 2973 870 3032 est,
895 2981 1006 3035 quorum
1024 2963 1123 3032 primus
1138 2963 1225 3017 Nice-

296 3033 376 3086 horus
392 3031 560 3101 Blemmyda,
581 3037 615 3088 ab
630 3035 793 3103 Ephraemio
811 3042 901 3087 nostro
919 3051 947 3085 v.
963 3033 1031 3087 8933
1047 3049 1108 3102 sqqs
1127 3033 1223 3088 eximia

217 3123 221 3132 ·
303 3103 369 3170 nde,
385 3111 510 3170 tanquam
527 3104 676 3176 sapientias
693 3104 861 3173 coryphaeus
878 3110 907 3156 et
922 3102 1103 3174 patriarchatu
1121 3103 1224 3172 dignis·

277 3172 372 3238 simus,
391 3181 547 3238 exornatus3
568 3173 763 3228 alter'Ioannes
782 3174 905 3239 Vacuus,
922 3172 996 3225 cuius
1013 3171 1074 3225 item
1092 3174 1224 3243 sapientia

275 3242 311 3293 ab
328 3241 490 3311 Ephreemio
508 3259 535 3294 vt
553 3243 791 3310 tosa51mdamr,
815 3242 861 3312 qui
878 3243 954 3295 lectis
969 3241 1139 3308 Blemmydae
1155 3243 1224 3296 scri·

266 3309 331 3380 'ptis
350 3327 366 3364 a
383 3309 524 3364 schismate
542 3313 576 3366 ad
594 3313 776 3366 orthodoxiam
793 3311 914 3379 transiit,
942 3319 973 3364 ut
989 3309 1028 3365 ait
1044 3311 1222 3380 Pachymeres

278 3379 295 3432 5
314 3379 361 3448 15,
389 3387 416 3434 et
432 3381 635 3450 patriarchatum
654 3380 899 3450 catholics'gessit,
926 3380 1145 3450 concordiamque
1163 3399 1221 3435 oum

276 3449 395 3502 Romana
424 3449 537 3503 ecclesia
561 3451 669 3521 scriptis
694 3451 854 3506 doctissimis
879 3449 1000 3503 defendit
1022 3458 1054 3503 et
1078 3468 1162 3519 usque
1186 3452 1222 3504 ad

276 3534 409 3573 carcerem
418 3512 577 3590 obitumque
588 3521 708 3576 retinuit.
735 3509 833 3589 legesis
851 3515 931 3573 Vecbi
949 3525 1133 3574 testamentum
1150 3522 1221 3590 apud

276 3581 397 3643 Allatium
415 3589 466 3643 Gr.
485 3590 555 3645 orth.
574 3598 595 3646 ta
611 3596 625 3648 1
644 3611 672 3662 p·
684 3592 745 3646 378.
765 3591 805 3644 M.

111 3741 198 3812 gionis
216 3741 348 3813 columen,
375 3749 591 3818 presbyterorum
610 3745 692 3802 dacus
709 3751 738 3800 e't
754 3717 956 3811 monachorum
983 3748 1075 3798 sancto
1093 3742 1222 3796 coenobio

110 3811 279 3881 praepositus
304 3816 420 3884 Galesii,
447 3817 533 3885 mitis,
560 3816 705 3885 benignus,
730 3817 837 3871 divinae
855 3817 924 3885 legis
942 3827 1082 3878 reverens,
1107 3814 1222 3865 nutritor

112 3899 261 3948 egenorum,
280 3893 374 3938 natura
391 3887 513 3954 clemens,
532 3887 643 3953 (tosus)
680 3886 869 3942 atriaroharnm
887 3885 1017 3938 celebrem
1032 3881 1132 3934 insedit
1144 3882 1222 3934 thro-

111 3967 184 4017 num,
211 3952 291 4020 digne
315 3962 343 4006 et
365 3955 500 4010 canonicis
523 3955 621 4024 regulis
646 3903 756 4022 electus.
791 3957 817 4010 is
841 3956 917 4024 regio
935 3955 964 4005 iu
979 3951 1052 4007 dero
1076 3951 1221 4021 presbyter

112 4019 172 4072 olim
190 4020 286 4088 suerat,
305 4025 458 4094 sanctisque
474 4025 574 4096 nuptiis
591 4024 672 4078 filiam
688 4034 889 4093 procreaverat:
905 4029 999 4092 postea
1015 4037 1080 4074 vero
1097 4021 1221 4073 viduatus

112 4087 239 4158 coniuge,
259 4093 556 4167 (10310qunastieam
575 4093 710 4163 protessus
729 4094 844 4149 libenter
862 4094 945 4145 vitem
965 4089 1116 4144 caelestium
1133 4089 1221 4142 virta-

112 4167 164 4210 tum
188 4177 251 4214 eren
274 4163 412 4233 apparuit,
438 4165 501 4223 exin
523 4163 646 4218 coenobii
665 4164 786 4218 Galesini
802 4166 901 4229 abbas,
929 4163 1070 4231 episcopus
1087 4166 1221 4228 postremo

112 4236 139 4280 et
154 4243 262 4296 magnus
280 4235 411 4299 pontifex.
448 4239 613 4288 «τρομεοίατο
628 4234 755 4288 Italarum
770 4234 866 4301 dogma
882 4231 982 4285 invasit
1004 4229 1117 4298 (10315)
1133 4228 1222 4282 eccle-

111 4295 174 4350 siam
192 4306 307 4354 nostram
325 4301 397 4359 haud
413 4302 598 4375 laudabiliter,
615 4303 662 4376 pie
677 4303 795 4374 Iosepho
811 4303 901 4358 sedem
914 4303 1096 4372 gubernante,
1114 4298 1173 4370 ipse
1185 4298 1221 4354 ad

152 4376 337 4446 Ephrnemioa.
968 4373 1010 4439 27
1051 4374 1064 4407 ⁸
