2967 4859
384 283 442 350 DE
467 281 666 351 MANUELE
692 283 915 351 COMNENO.

198 451 300 523 i'ntnrr
317 454 418 540 τοίνυγ
432 461 510 539 βοῦς
524 449 591 538 ἀμοι
604 449 755 542 βοηλάτῃ,
842 501 844 507 ε

83 557 182 626 4450
199 559 306 638 ἱππεὺς
320 560 376 626 σδν
387 561 473 646 ἰ’ππιμ
488 558 705 641 συναειόιμυχον
719 559 776 648 βάρι

199 663 231 728 ἔν
245 667 393 751 Περσικῷ
405 659 542 745 βλήματι
558 658 782 748 θανατηφόριμ,

199 769 251 833 καὶ
265 764 373 843 πάντες
385 763 571 853 ἐσφάττοντο
584 765 665 830 κοινά
678 761 822 847 atquem

200 867 242 948 ὥς
256 870 347 955 ἀγέλη
363 895 409 946 τις
423 866 614 955 θρεμμάτων
628 875 688 955 φεῦ
700 865 830 951 ἀλόγων,

198 975 250 1039 καὶ
266 969 376 1050 πάντες
392 973 572 1060 ἐφθείροντο
589 971 851 1056 συγκεκλασμένοι

87 1075 183 1144 4455
201 1078 233 1142 ἓν
248 1073 443 1164 δυσπορεότῳ
460 1075 605 1163 δυσβάτῳ
621 1101 653 1140 τε
665 1076 781 1160 χωρίῳ.

201 1187 262 1246 τῶν
277 1181 458 1265 νεκριμοιόων
474 1175 624 1262 σωμάτων
639 1178 671 1242 ui
687 1174 827 1254 κοιλάδες

199 1283 299 1366 τόμπη
314 1309 347 1348 τε
363 1285 413 1348 καὶ
430 1279 579 1368 σήραγγες
589 1277 728 1367 ὑπῆρχον
743 1280 843 1344 πλέαι.

201 1385 403 1472 προύβαινον,
430 1385 530 1466 οἴμοι,
556 1382 665 1472 ράακες
679 1381 805 1469 λόδρων
818 1380 888 1446 ὅλαι

203 1491 236 1568 ἔξ
253 1488 371 1574 ἀλόγων
387 1490 516 1572 αἵματος
524 1536 535 1568 ,
560 1490 592 1554 ἐκ
607 1494 729 1574 βροτῶν
746 1484 824 1570 άμα,

91 1590 187 1659 4460
203 1596 253 1658 καλ
267 1591 367 1658 πάντα
379 1593 477 1676 μεστά
492 1597 657 1680 συμφοράς
670 1583 708 1675 ἦν
721 1593 773 1656 καὶ
786 1588 877 1680 γόων.
908 1638 912 1646 .

203 1699 254 1762 καὶ
270 1695 359 1761 τοῦτ’
378 1699 488 1782 ε’δράτο
503 1693 653 1783 κρότορος
666 1692 847 1785 δεδορκότος

203 1802 255 1866 καὶ
271 1797 501 1886 συμπαρόντος,
526 1799 571 1881 μὴ
590 1799 754 1874 σθίνοντος
771 1797 803 1861 δ’
824 1794 959 1879 άμόνειν,

204 1903 237 1968 ἓν
250 1909 320 1991 χρῷ
335 1903 499 1984 δὲμᾶλλον
515 1899 655 1968 κινάόνου
670 1897 854 1988 πεφυκότος.

204 2005 294 2090 μόλις
306 2007 384 2087 μετά
398 2002 580 2092 τρυόματα,
606 2010 650 2093 τῷ
663 2010 740 2070 θεοῦ
754 2005 869 2082 σθένει,

94 2107 186 2176 4465
205 2107 289 2194 ὅμως
307 2109 436 2195 διαδράς
451 2109 508 2184 τάς
524 2091 622 2189 λαβάς
636 2115 696 2172 τῶν
708 2104 879 2194 βαρβάρων

203 2220 282 2280 θεοῦ
298 2208 441 2298 συνάρσει
456 2214 506 2276 καλ
522 2217 654 2300 κραταιᾷ
665 2209 803 2292 δυνάμει,

199 2317 294 2384 σκιάν
306 2314 451 2382 ἀπελθὼν
466 2312 482 2381 ὃ
496 2311 671 2401 κρατάρχης
684 2312 832 2398 ἀχράδος,

203 2419 293 2504 ϊσχδν
305 2426 465 2502 καμοῦσαν
478 2419 621 2484 ἀνεκτᾶτο
635 2419 776 2502 μετρίως,

206 2524 285 2611 πρὸς
300 2524 332 2588 δ’
351 2515 390 2589 nai
406 2522 514 2589 ἑαυτὸν,
531 2519 572 2600 ὡς
585 2523 653 2606 ἐνῆν
668 2518 848 2604 ἀναψύχων,

100 2622 188 2694 4470
206 2629 250 2712 μὴ
269 2623 411 2710 σώματος
426 2625 567 2715 φόλακα,
589 2625 633 2710 μὴ
648 2624 823 2712 δορυφόρον

207 2729 286 2815 ἔχων
300 2729 473 2798 συνεστῦτά
488 2756 520 2817 γε
535 2736 580 2818 τῷ
595 2727 746 2815 τηνικάδε.

209 2834 290 2902 οῦτω
306 2835 337 2899 δ’
355 2834 462 2918 ἔχοντα
477 2831 610 2900 κατιδών
622 2859 668 2910 τις
683 2832 797 2899 ἱππίων
878 2900 880 2904 ,

204 2934 375 3021 Ῥωμαϊκῆς
389 2935 563 3025 φάλαγγος,
589 2935 711 3020 ἀσήμου
725 2937 840 3022 γένους,

208 3046 264 3124 τῆς
279 3047 443 3126 συμφοράς
459 3038 598 3126 ᾤκτειρεν
614 3039 706 3106 οάτδν
721 3046 776 3122 τῆς
792 3036 875 3110 τότε·

83 3181 86 3192 ι
105 3139 192 3209 4475
210 3141 286 3209 ὅθεν
303 3142 485 3232 προσελθὼν
501 3133 639 3226 ἀσμένως
654 3141 842 3236 στεφηφόρφ

107 3424 174 3462 eum.
210 3409 324 3464 cadebat
342 3423 406 3476 ergo
423 3407 472 3461 boa
489 3423 547 3461 cum
564 3402 677 3460 bubulco
694 3423 762 3475 cuo,
787 3407 883 3477 (4450)
906 3426 966 3464 cum
982 3428 1051 3481 cqnc
1069 3429 1151 3481 equec
1168 3432 1216 3468 ex-

107 3479 229 3546 spirabat
244 3479 341 3533 misere
357 3477 498 3530 Persarum
516 3477 576 3530 telin
594 3476 713 3529 confixus
730 3479 890 3545 mortiteria3
907 3487 989 3550 atque
1005 3483 1138 3536 turmatim
1156 3501 1218 3538 cce-

108 3548 238 3601 ‹lebnntur
256 3565 345 3601 omnes
362 3556 484 3615 tanquam
501 3549 636 3600 brutarum
654 3563 720 3614 grex
736 3548 888 3617 beluarum,
907 3557 935 3602 et
952 3551 1117 3606 circumclusi
1133 3554 1217 3605 lerie-

107 3617 206 3670 bantur
223 3618 312 3671 cuncti
330 3616 425 3682 (4455)
444 3615 581 3686 imperviie
597 3614 624 3667 in
642 3615 724 3668 surcie
742 3627 770 3670 et
786 3618 845 3670 eine
861 3619 945 3672 exitu.
982 3628 1011 3674 et
1026 3622 1119 3692 plenae
1134 3621 1217 3675 velles

109 3693 186 3738 erant
202 3687 376 3740 cadaveribus
393 3685 536 3753 faucesque
553 3685 656 3738 hiantes
674 3686 797 3740 montium
818 3695 847 3740 et
862 3705 1003 3744 cavernae.
1039 3690 1092 3743 rivi
1114 3692 1217 3744 cruoris

109 3755 284 3810 decurrebant
302 3756 367 3809 heu!
389 3754 468 3808 mixto
486 3757 622 3808 brutorum
640 3753 824 3826 hominumque
840 3759 979 3826 sauguine.
1013 3759 1107 3829 (4460)
1122 3769 1219 3812 cuncta

110 3833 186 3876 erant
203 3826 281 3894 plena
299 3824 421 3877 miseriae
439 3831 465 3876 et
483 3818 634 3892 gemituum·
671 3833 751 3893 atque
765 3827 831 3878 haec
843 3826 943 3880 fiebant
954 3828 1070 3881 Caesare
1081 3837 1219 3897 spectante

111 3893 156 3960 qui
180 3893 236 3948 auia
261 3895 357 3947 nullam
383 3893 454 3944 ferre
480 3911 555 3962 opem
580 3902 691 3962 poteret.
729 3895 792 3963 quin
812 3913 911 3949 summo
929 3906 987 3950 eret
1003 3898 1062 3967 ipse
1078 3897 1105 3948 in
1123 3896 1218 3950 discri-

111 3961 192 4015 miner
217 3981 275 4016 nam
293 3973 355 4032 poet
371 3971 481 4030 accepta
497 3963 623 4030 vulnera,
649 3964 699 4016 dec
718 3965 844 4033 favente,
868 3965 966 4034 (4465)
984 3967 1029 4018 vix
1046 3967 1218 4020 barbarorum

111 4030 229 4085 manibus
246 4033 365 4102 elapsus,
385 4031 429 4084 dei
445 4035 566 4102 prolecto
582 4031 679 4084 anxilio
697 4042 725 4087 et
741 4051 835 4104 magna
853 4052 920 4105 cpe,
944 4035 998 4105 piri
1013 4035 1145 4088 ailvectrir
1161 4053 1218 4088 um-

112 4099 182 4152 bram
200 4101 343 4170 imperator
360 4101 459 4169 subiit,
487 4104 571 4154 fessae
589 4100 737 4171 refecitque
754 4104 843 4170 vires,
861 4104 948 4166 aolus,
968 4113 998 4158 ut
1015 4112 1120 4174 poterat
1136 4110 1220 4159 semet

113 4169 274 4237 refocillans,
300 4172 394 4236 (4470)
412 4173 521 4224 orbetur
538 4170 609 4222 omni
626 4173 747 4239 corporis
764 4173 891 4240 custode,
908 4172 978 4226 nullo
996 4191 1054 4226 cum
1072 4174 1151 4227 armis
1168 4174 1218 4227 mi·
1250 4200 1254 4209 ·

113 4234 159 4290 lite
177 4245 327 4308 praesente.
363 4239 402 4292 sic
418 4241 563 4294 solitarium
580 4239 747 4310 conspicatur
762 4242 868 4310 quidem
884 4243 1015 4297 exercitur
1032 4243 1141 4298 Romani
1155 4261 1219 4314 gre-

115 4307 201 4374 garius
219 4327 316 4380 eques,
343 4309 434 4364 acerbi
451 4327 528 4366 ceeur
546 4309 728 4364 misericordia
744 4319 832 4365 tactus
851 4312 946 4380 (4475)
963 4314 996 4366 ad
1014 4314 1155 4368 Caesarem
1173 4331 1219 4367 cc-
