2967 4859
149 270 155 282 ’
234 310 311 385 116
649 306 918 378 mnnsrnnus

335 476 468 570 μίσταις
479 476 623 565 διελοῦσης
638 480 694 567 τὴν
709 476 880 566 πρόγνωσιν
893 484 954 545 τῶν
967 476 1057 545 ὅλων.

276 621 281 637 =
337 579 435 654 τᾶλλα
448 585 505 670 μίν
518 578 606 663 οὗτος
620 583 748 668 εὐσεβὴς
761 576 800 669 ἦν
813 578 994 673 ὄρθιίφρων,

339 695 449 756 κοινῶν
463 714 495 755 τε
510 690 656 773 διοίκησιν
670 679 742 775 ἦγεν
757 684 803 766 ὥς
814 688 900 754 δίον·

338 793 527 883 τετραγαμία
539 793 573 858 d’
590 790 753 876 ὡμιληκὼς
767 787 904 879 σνζιλγων

236 896 324 969 2640
341 899 392 964 καί
405 895 484 983 πρὸς
498 893 601 981 νόμων
614 893 743 978 κώλυμα
756 894 801 981 με)
818 894 920 983 φίρειν
935 890 1027 977 λέγων

340 999 488 1082 κυδοιμὸν
501 1000 638 1083 ἐντίθησι
655 996 842 1086 προστάταις
858 995 971 1081 νόμων,
988 992 990 995 ’

321 1168 328 1172 .
341 1108 393 1171 καί
406 1100 611 1191 ποιμενιίρχην
624 1100 770 1186 ίνστιίτην
784 1102 972 1189 δείειγμίνον

299 1198 304 1216 ”
340 1211 471 1289 ποίμνης
486 1204 602 1273 ἐλαύνει
618 1206 799 1291 καταγαγὼν
816 1212 870 1271 τοῦ
885 1202 1014 1292 θρόνον.

340 1308 464 1399 πρώτην
478 1311 513 1375 δι’
526 1317 622 1393 τιμῶν
635 1306 774 1395 σνζιίγων
787 1310 953 1393 βασιλίιλα,

238 1414 324 1485 2645
343 1415 399 1500 τὴν
413 1413 606 1500 μακαριστὴν
623 1412 775 1501 &superni
793 1410 961 1498 triumuiro,

343 1518 474 1604 ἄγχιστα
487 1525 565 1583 νασῦ
584 1514 724 1604 κηρύκων
739 1512 920 1583 ἀποστόλων

342 1622 419 1689 νεολν
434 1620 543 1712 (ἔνεστι)
558 1623 630 1707 τῇιλε
645 1626 706 1686 τῶν
722 1620 873 1700 ίξαισίων,

343 1726 377 1791 ἓν
394 1716 526 1814 ᾧσορλν
542 1726 665 1807 τίθησιν
678 1722 774 1809 αὗτῇς
790 1719 954 1807 λειψάνων.

346 1831 397 1895 καλ
410 1825 502 1893 πάλιν
516 1825 610 1892 ἄλλον
624 1829 762 1905 καινίσας
778 1833 865 1893 θεῖον
879 1822 975 1911 δόμον

242 1935 330 2007 2650
347 1925 487 2021 Χριστοῦ
504 1928 595 1995 πιίλιν
609 1927 676 2019 ζῴῳ
691 1956 723 2017 γε
736 1929 879 2019 Λαζάρῳ
897 1935 979 2021 φιλιρ

346 2038 379 2103 ἔν
392 2035 470 2123 sq‘r‘d'
485 2030 671 2118 ἔθησαῦρισε
687 2034 825 2099 κάκείνου
840 2032 935 2116 δέμας

347 2141 400 2206 καὶ
414 2140 630 2224 Μαγδαληνῇς
646 2139 778 2224 Μαρίας
791 2143 847 2221 τῆς
861 2135 978 2219 ὀλβίας.

345 2241 425 2330 πρὸς
439 2241 540 2308 τοῖσδ’
557 2240 667 2333 ἄνιστιζι
683 2244 735 2306 καλ
749 2242 848 2325 μονὴν
862 2240 1086 2333 Κωνσταντίνῳ

349 2348 382 2412 ir
396 2356 463 2423 ταῖς
476 2354 613 2423 νοσσιαῒς
619 2393 630 2424 ,
654 2351 701 2435 τῷ
713 2342 903 2433 Παφλαγόνι
913 2344 998 2430 γένος

245 2454 331 2521 2655
351 2452 402 2517 καὶ
418 2449 589 2542 equdem,
615 2448 694 2533 πλὴν
709 2448 743 2514 d'
760 2448 845 2534 ὅμως
857 2448 1050 2539 ιιεφιλμίνιρ,
1154 2478 1157 2482 ·

446 2645 518 2699 2666
533 2643 654 2713 prolecto
670 2641 712 2696 rei
728 2640 907 2697 divinatoriae
919 2641 1023 2713 artique
1036 2640 1229 2711 astrologorum
1241 2636 1356 2693 vanissi-

412 2731 471 2769 mae
494 2714 562 2767 mole
585 2713 690 2767 deditus
705 2713 759 2767 fuit
775 2711 847 2779 Leo;
874 2712 949 2767 cuius
964 2712 1114 2767 rei'testem
1133 2729 1175 2765 me
1192 2709 1286 2762 videte
1303 2726 1357 2762 me·

414 2781 480 2837 mini
504 2782 621 2836 codicem
647 2782 832 2852 perantiquum
856 2782 1002 2852 insignem,
1027 2778 1209 2850 eByzentina
1225 2778 1304 2845 aula,
1329 2784 1359 2831 ut

414 2860 497 2925 puto,
516 2852 678 2936 prefectum,
697 2852 795 2973 inquo
813 2850 946 2905 mendacis
962 2850 1180 2935 perniciosaeque
1197 2850 1262 2903 artis
1279 2858 1358 2919 prae-

415 2920 1359 3060 tt“13ttt⁸¹t;ltttlllt0:158litl¹¹¹¹tttl¹tttt¹¹tll

415 3059 538 3126 omcula,
554 3077 623 3128 quae
638 3060 738 3112 laconis
756 3060 924 3129 imperatoris
940 3076 1035 3127 nomen
1052 3076 1117 3131 prae
1134 3077 1164 3113 se
1181 3059 1280 3115 lerunt.
1301 3056 1341 3110 M.

449 3131 520 3183 2646
532 3129 688 3183 locutionem
702 3131 818 3183 nuntius
829 3130 977 3198 apestolus,
996 3144 1066 3197 quoe
1080 3128 1161 3182 estin
1172 3126 1291 3181 editione
1302 3126 1358 3179 llu-

417 3199 486 3252 sebii
509 3197 702 3251 Mediolanensi
727 3216 755 3267 p.
771 3200 819 3265 70,
847 3197 1020 3267 reprehendit
1040 3206 1070 3252 ut
1091 3195 1272 3252 incredibilem
1291 3194 1359 3249 abii·

416 3268 588 3337 ciendamque
603 3266 734 3320 iudicavit
749 3267 777 3320 in
794 3267 850 3321 suis
866 3266 1137 3321 animadversionibus
1149 3268 1242 3321 doctus
1255 3266 1359 3335 quidem

416 3336 462 3389 vir
477 3336 570 3389 Italus.
603 3337 650 3390 sed
668 3354 731 3389 ecee
748 3335 798 3389 tibi
814 3332 902 3405 κήρνξ
920 3332 1077 3398 ἀπόστολος
1091 3338 1208 3391 παντοῖαι
1220 3336 1360 3405 apostolus

418 3405 711 3530 ffiuffphrffimium'
726 3406 894 3529 dqssurebpic
917 3424 1014 3531 rqqpee
1028 3406 1133 3477 legerat
1151 3406 1213 3461 olim
1228 3406 1360 3476 interpres

459 3493 483 3529 m
529 3492 592 3529 use
631 3493 726 3547 mapu
788 3493 975 3533 userum..

258 3641 309 3697 dit.
343 3640 388 3695 hio
405 3644 560 3714 ceteroquin
576 3644 637 3715 pius
655 3651 684 3699 et
699 3644 861 3701 orthodoxus
878 3664 934 3701 rem
950 3644 1086 3715 dirigebat
1100 3661 1186 3716 aequo
1202 3641 1262 3699 iure
1276 3638 1362 3715 publi·

259 3729 331 3765 cunr:
355 3712 404 3767 sed
427 3721 515 3767 umen
538 3715 641 3785 quartis
662 3715 803 3771 celebratis
826 3717 943 3788 nuptiis,
968 3716 1064 3785 (2640)
1080 3732 1130 3769 nec
1152 3715 1239 3785 legum
1262 3713 1314 3768 bac
1335 3711 1361 3763 iu

260 3789 337 3851 parte
354 3782 457 3837 frenum
475 3784 595 3853 patiens,
620 3785 731 3839 tumultu
757 3786 926 3856 perturbavit
948 3784 1072 3839 custodes
1092 3784 1174 3851 iuris;
1196 3790 1224 3837 et
1248 3782 1361 3857 patrier-

260 3852 335 3904 cbam
352 3852 535 3907 adversantem
553 3854 605 3908 sibi
623 3872 706 3926 grege
728 3855 822 3924 procul
843 3853 946 3927 pepulit
960 3855 1107 3908 detractum
1123 3854 1230 3908 throno.
1265 3861 1320 3908 tum
1336 3856 1362 3905 ut

261 3937 335 3974 suam
356 3922 466 3993 primum
488 3923 625 3993 coniugem
640 3924 761 3993 reginam
785 3924 880 3992 (2645)
897 3922 1122 3995 Theophunonem
1139 3931 1267 3977 mortuam
1282 3921 1362 3976 hono-

262 3996 344 4056 raret,
361 3992 469 4045 delubro
487 3994 630 4063 proximam
647 3992 825 4064 apostolorum
842 3995 934 4049 aedem
951 3994 1013 4048 huic
1026 3994 1163 4059 ‚exstruxit
1176 3992 1294 4063 ingentis
1311 4006 1362 4045 rno-

262 4058 315 4134 lis²
335 4059 426 4131 ibique
447 4064 575 4133 reliquias
599 4062 657 4116 eius
678 4061 707 4115 in
730 4080 795 4117 orca
817 4064 918 4134 potuit.
951 4080 1096 4133 rursusque
1117 4064 1197 4117 sliam
1220 4062 1365 4116 instaurans

265 4144 366 4183 sacrem
382 4133 474 4184 aedera
490 4133 586 4201 (2650)
604 4132 688 4185 amico
706 4131 809 4187 Christi
825 4134 947 4188 redivivo
965 4134 1081 4203 Lazaro,
1096 4132 1195 4188 ibidem
1207 4134 1304 4202 corpus'
1313 4130 1365 4184 eius

264 4196 361 4251 clausit
376 4198 477 4268 loculo,
502 4219 552 4255 nec
567 4218 620 4255 uon
638 4202 734 4256 beatae
751 4202 927 4273 Magduleuae
941 4202 1056 4263 Mariae,
1090 4202 1246 4257 coenobium
1262 4201 1365 4271 insuper

264 4267 363 4321 struxit
373 4269 548 4324 Constantino
558 4270 723 4341 Paphlagoni
738 4270 767 4325 in
783 4290 815 4327 eo
831 4273 891 4327 loco
908 4271 955 4344 qui
971 4272 1049 4327 nidus
1067 4272 1174 4342 dicitur,
1191 4270 1286 4339 (2655)
1299 4263 1364 4339 turpi

264 4336 325 4390 viro
341 4338 390 4392 sed
406 4347 495 4393 tamen
508 4339 605 4395 dilecto
622 4339 693 4411 sibi3
722 4358 801 4415 quem
825 4358 901 4398 coma
921 4348 1001 4399 tonse
1024 4342 1103 4398 iussit
1128 4360 1188 4397 esse
1209 4337 1364 4403 monachum,
