2967 4859
95 299 161 364 DE
170 298 329 366 suuxlo
338 298 608 370 MURTZUFLO
619 301 675 369 ET
684 301 931 375 THEODORO
941 307 1124 378 LusctRl.
1139 309 1214 381 289

202 471 369 559 πεφυκίναι
385 469 544 560 πράγμασι
558 471 722 558 κομπάζων
734 475 829 558 ὅλοις,

204 576 242 641 οὗ
254 583 431 659 σωματικῆς
443 569 477 642 εὖ
488 577 565 660 ἴχιον
576 583 776 666 συμμετρίας,

202 679 307 762 αἰγῶν
322 679 379 757 τὰς
394 680 494 768 ὀφρῢς
506 679 593 764 μάλα
607 685 866 767 σονεσπασμίνας,

94 783 185 850 7115
204 785 255 848 καὶ
270 790 428 869 βραγχιῶν
443 782 603 872 φάρυγγα,
629 785 764 871 ελάσηχος
777 789 877 877 λόγον,

202 883 324 969 ἡλικίαν
334 889 428 969 μίσος
439 915 471 954 τε
486 891 538 953 καὶ
552 895 657 968 κοῖλος
670 889 771 978 φάσει,

203 989 312 1067 ἄδικος
324 988 428 1075 εὐνήν,
449 992 606 1079 φιλογύνας
619 998 670 1058 καὶ
684 993 806 1080 λάγνος,

203 1093 481 1181 πρωτοβεστιάριος
492 1094 535 1173 ὢν
548 1097 604 1181 τὴν
615 1097 714 1178 ἀξίαν,

84 1213 93 1224 ·
202 1196 277 1262 ὅταν
290 1201 420 1284 κατῆρξε
433 1205 490 1266 sori
500 1203 658 1282 βασιλείου
672 1200 816 1289 κράτους,

94 1301 184 1366 7120
200 1297 234 1378 (ἐξ
247 1299 365 1388 ἡμέρας
381 1303 455 1368 δίκα
468 1329 500 1368 τε
516 1304 573 1370 σιλν
587 1309 662 1388 μησὶ
676 1305 733 1372 δύο

196 1412 258 1516 4τῆς
267 1407 425 1488 βασιλείας
437 1406 471 1472 τὸ
484 1405 598 1495 κράτος
611 1407 764 1487 διιθάνας.

412 1565 562 1639 Θεόδωρος
580 1565 597 1624 d
616 1566 758 1640 Λάσκαρις
775 1569 822 1644 ἔτη
839 1569 890 1629 ιδ’.

199 1678 281 1744 Ἐπεὶ
296 1679 327 1744 d’
343 1676 360 1745 ὁ
375 1687 497 1766 κρατῶν
512 1682 684 1770 ἀπέδρασεν
697 1682 740 1762 ὡς
754 1685 841 1776 ἴφην,

203 1780 331 1859 Δοάκας
342 1809 374 1849 τε
388 1772 440 1848 καὶ
452 1783 620 1871 Λάσκαρις
633 1785 745 1874 ἤρισαν
758 1789 900 1876 κράτους,

195 1881 428 1968 καταλαβόντες
442 1888 495 1951 τὸν
510 1895 587 1953 θεοῦ
599 1891 695 1974 μίγαν
710 1891 825 1975 diuos,

96 1987 184 2056 7125
203 1989 300 2076 ἄμφω
313 1991 450 2074 μαχηταὶ
462 1994 512 2055 καὶ
523 1995 612 2056 καλοὶ
625 1997 750 2059 νεανίαι.

202 2091 306 2182 κλήρῳ
321 2094 355 2158 δὲ
368 2094 473 2178 λαχὼν
483 2091 653 2181 Λάσκαρις
665 2102 865 2186 κραταρχίαν,
972 2149 975 2154 -
1061 2098 1066 2110 ’

202 2197 278 2274 τέως
291 2197 347 2280 μὲν
361 2193 509 2262 ἀπείπατο
524 2196 668 2280 σύμβολα
681 2198 823 2287 κράτους,

202 2300 346 2378 σννεξιολν
358 2302 392 2366 δὲ
404 2307 461 2367 τοῦ
472 2308 530 2367 νειῦ
541 2309 586 2390 τῷ
597 2303 716 2384 ποιμένι

201 2404 281 2468 κατὰ
295 2407 414 2470 Μίλιον
427 2407 478 2470 καὶ
493 2406 572 2492 με’ρη
585 2408 773 2486 Βυζαντίιλος

95 2511 184 2575 7130
201 2507 274 2584 roric
287 2504 446 2585 συνιόντας
457 2507 590 2591 εὐμενῶς
600 2508 755 2594 η’ντιβάλει

200 2613 252 2676 καὶ
267 2609 430 2700 παρεκάλει
444 2612 520 2699 πρὸς
534 2608 638 2698 μάχην
652 2611 837 2682 ἀντιπάλων.

199 2713 336 2799 μάλιστα
349 2713 472 2782 πάντων
487 2717 560 2794 τοὺς
572 2719 641 2804 περὶ
652 2721 786 2802 βασιλέα

200 2820 338 2896 σείοντας
353 2817 446 2902 ὤμων
457 2820 557 2907 άρείκ’
575 2819 654 2887 ἄττα
667 2825 741 2912 ξίφη

261 3019 332 3075 7126
349 3022 448 3070 sortem
464 3016 594 3086 intelligo,
611 3035 665 3076 nou
682 3017 794 3084 cierum3
812 3021 840 3072 et
857 3016 915 3070 lolli
932 3015 996 3071 mihi
1012 3015 1119 3073 videtur
1132 3016 1210 3070 wol-

262 3089 314 3142 fius
332 3087 446 3140 Nicetes
461 3087 611 3157 interpres,
639 3088 687 3157 qui
703 3088 845 3142 dictionem
864 3084 894 3140 ἐκ
912 3081 943 3140 δὲ
960 3084 1065 3154 κλήρου
1081 3084 1114 3141 τά
1134 3105 1211 3148 ποω-

263 3162 341 3210 τεῖον
358 3154 479 3224 εἰληφώς
498 3157 615 3228 explicet
632 3176 651 3209 o
669 3160 739 3211 clero
756 3159 910 3228 praelatus.
936 3156 1000 3210 olibi
1018 3173 1123 3226 quoque
1140 3155 1210 3210 idem

261 3227 326 3280 milri
347 3225 461 3279 Nicetes
481 3225 616 3295 interpres
632 3245 684 3280 non
702 3228 785 3281 semel
802 3244 915 3298 peccare
932 3225 1083 3282 videbatur.
1118 3225 1211 3279 oonlsr

261 3313 290 3350 v.
308 3313 350 3366 gr.
368 3297 398 3349 in
414 3296 466 3349 hoo
481 3295 615 3350 volumino
628 3315 658 3368 p.
677 3300 729 3352 116
746 3316 774 3351 n.
794 3299 821 3352 1.
839 3298 877 3353 M.
1215 3307 1222 3316 “

97 3465 198 3519 cunctis
216 3485 245 3520 ss
261 3466 364 3522 iactans
381 3467 503 3522 idoneum
521 3466 651 3534 negttiis3
677 3469 796 3538 corporis
814 3469 898 3522 forma
916 3485 967 3520 non
985 3465 1049 3521 sotis
1068 3465 1207 3535 concinno,

97 3536 237 3590 adductum
260 3555 365 3606 semper
387 3555 482 3604 gerens
507 3537 691 3604 supercilium,
717 3539 813 3606 (7115)
836 3537 957 3591 lancibus
982 3537 1085 3604 raucis,
1112 3553 1208 3656 aspero

96 3603 210 3675 loquela,
228 3615 330 3660 statura
347 3608 432 3658 media
451 3615 477 3660 et
495 3605 587 3673 vulgus
605 3624 621 3658 a
639 3615 742 3672 natura,
759 3607 873 3661 lascivus
887 3607 1040 3660 mulierosus
1054 3615 1082 3660 et
1093 3608 1143 3660 adu
1155 3614 1207 3658 ter.
1244 3602 1247 3612 ¹

95 3672 119 3725 is
137 3675 267 3743 dignitate
284 3676 504 3744 protovestiarius
522 3684 595 3742 erat,
620 3692 677 3727 cum
704 3693 827 3729 summam
852 3683 1008 3748 potestatem
1027 3683 1068 3728 est
1086 3677 1208 3744 adeptus,

96 3745 191 3866 gildi)
224 3747 299 3801 ouius
329 3745 432 3814 regales
461 3743 547 3798 tenuit
574 3745 692 3798 habenas
721 3747 816 3800 diebus
850 3746 964 3802 sedecim
995 3762 1076 3818 supro
1103 3761 1207 3798 meuses

116 3828 173 3872 uos.

437 3899 595 3954 tuendum
614 3899 742 3952 Ιισιοανίο
762 3917 808 3958 σν.
830 3902 873 3956 19.

162 3985 230 4038 Post
251 3986 340 4054 iugum
363 3986 488 4040 Gssssris
510 3987 545 4039 de
567 3985 698 4056 sopiendo
713 3984 826 4056 imperio
844 3983 968 4038 Lososris
987 3985 1097 4040 stulius
1115 3985 1205 4038 Ducss

96 4051 279 4122 decertarunt,
305 4056 333 4106 in
357 4057 401 4108 dei
421 4055 548 4126 templum
564 4056 702 4108 maximnm
718 4055 849 4125 proiecti,
879 4056 973 4123 (7125)
996 4055 1074 4108 fortis
1092 4064 1205 4123 uterque

97 4125 270 4193 egregiusque
293 4125 414 4178 iuvenis:
439 4143 532 4178 verum
551 4143 609 4178 sors
628 4125 741 4179 Losoori
759 4123 871 4178 contulit
887 4124 1039 4193 imperinm,
1066 4124 1110 4192 qni
1130 4125 1207 4194 regis

89 4197 182 4246 tomen
206 4211 259 4246 non
283 4211 339 4246 sum
359 4195 542 4263 sitinsignis,
567 4197 615 4248 sed
632 4195 776 4248 comitante
793 4193 945 4262 patriarche
960 4210 1084 4262 egressus
1101 4193 1135 4246 ud
1152 4193 1206 4245 Mi-

95 4257 157 4314 lium
174 4272 256 4331 utque
273 4263 308 4314 od
326 4212 391 4317 slim
410 4265 482 4318 urbis
501 4272 606 4333 partes,
632 4262 842 4332 (tranupopuli
861 4272 959 4315 tnrmss
977 4262 1071 4316 blondo
1089 4263 1205 4332 compel-

94 4326 167 4384 lsbst
181 4333 217 4384 sd
232 4332 408 4388 resistendum
423 4333 545 4388 hostibus
562 4335 715 4388 adhortans.
753 4333 896 4416 praecipue
913 4349 977 4386 vero
997 4333 1142 4403 stipatores
1160 4349 1205 4386 re-

136 4412 319 4478 Eplrrsrms'us.
955 4405 994 4468 19
