2967 4859
258 229 332 354 ιιι
669 287 942 376 sumsimus

254 451 339 524 4105
357 453 455 521 δεινόν
467 457 604 546 τετριγός
617 453 795 548 φθαρτικόν
808 488 840 527 τε
852 461 1013 546 καθάπαξ,

357 559 573 648 ε’πεισίφρησεν
590 561 709 649 ἀθρόου
720 561 881 649 Ῥωμαίόι,

355 663 412 746 τὴν
429 665 507 751 πρὸς
521 667 604 732 Σιὼν
618 667 723 756 ἄφιξιν
739 669 855 753 αόχοῦν
868 671 986 735 αἰτίαν·

356 757 399 832 ὧν
414 768 471 855 ῥὴξ
487 768 651 856 Κορράὸος
665 763 704 853 ἦν
718 772 889 857 στρατηγὸς
902 772 1077 858 ταγμάτων,

356 873 540 958 φιλευσεβὴς
557 872 615 961 ῥὴξ
630 876 682 940 καὶ
697 875 896 962 φιλίχριστος
907 881 1009 961 πλίον,

252 978 338 1044 4110
356 974 391 1053 ὃς
406 975 495 1060 ὅρκια
511 979 580 1055 θεὶς
595 977 703 1045 ι’ίνιικτι
720 981 892 1058 πιστευτέα,

352 1071 372 1163 ἦ
387 1079 451 1164 μὴν
465 1086 630 1166 παρελθεῖν
645 1084 755 1169 φιλίως
763 1080 923 1166 Ῥωμαίιλα

308 1227 317 1236 -
354 1180 448 1249 αὐτόν
463 1209 495 1249 τε
509 1187 559 1249 καὶ
576 1183 753 1272 στράτευμα
766 1190 817 1251 καὶ
830 1185 952 1270 βλάβης
964 1190 1046 1271 δίχα,

352 1290 404 1352 καὶ
416 1288 524 1374 μίχρις
537 1288 633 1373 αὐτῆς
646 1297 701 1374 τῆς
715 1293 950 1375 Κωνρταντίνου
962 1289 1078 1380 φθάνει

353 1391 410 1456 σὺν
423 1398 463 1478 τῇ
479 1399 608 1483 στρατιᾷ
625 1395 676 1460 καὶ
691 1399 751 1481 λεῷ
762 1392 914 1483 κατηκόῳ,

247 1494 333 1561 4115
349 1495 446 1578 μηδὲν
461 1495 638 1578 νιοχμιόσας
651 1523 680 1561 τι
695 1504 757 1562 τῶν
771 1499 989 1582 συγκειμένου·

350 1599 412 1685 ἀφ’
430 1588 467 1663 οὗ
481 1624 513 1684 γι
531 1600 676 1685 πορθμὸν
689 1599 910 1687 ἔκπεράσαντες
922 1599 1016 1686 τάχος

348 1701 460 1786 ἤνυτον
475 1699 577 1768 adadu
590 1704 645 1769 τὸν
657 1707 854 1790 προκείμενον
870 1702 997 1788 δρόμον.

406 1801 444 1869 Ὁ
459 1805 493 1870 d'
510 1804 709 1894 αὐτοκράτωρ
723 1807 870 1895 κεκρικὼς
886 1805 959 1873 εἶναι
974 1811 1043 1876 δίον

348 1905 392 1971 δι’
412 1904 600 1994 ίιγροχίρσου
619 1919 765 1994 στρατιᾶς
779 1911 942 1998 ῥωμαλέος

243 2006 330 2074 4120
346 2011 577 2098 ἐπιστρατεῦσαι
595 2020 633 2101 τῇ
649 2017 849 2101 Κερκυραίων
866 2014 959 2105 άκρρ,

346 2115 380 2178 ἐκ
396 2118 554 2199 Σικελικῆς
566 2117 753 2204 προσφάτως
767 2121 938 2205 ναυαρχίας

345 2214 505 2308 ὖποστάοῃ
522 2217 677 2306 πόρθησιν
690 2224 722 2300 ἐξ
736 2223 893 2304 ἀβουλίας,

345 2321 424 2406 πρὸς
439 2323 525 2388 τοῦτ’
543 2323 738 2408 άπησχίλητο
753 2325 862 2402 νυκτὸς
876 2322 1003 2409 ἦμίρας.

343 2427 395 2490 καὶ
412 2429 578 2506 συναλίσας
594 2429 740 2515 στρατιὰν
755 2429 951 2512 πανταχόθεν

240 2521 325 2592 4125
344 2531 536 2616 φρίσσοοσαν
556 2535 698 2615 αλχμαῖς,
722 2529 952 2619 μυριάριθμον,
978 2532 1012 2609 ξί
1063 2582 1074 2612 ,

340 2631 498 2716 χιλιόναυν
513 2632 622 2700 στόλον
636 2661 668 2701 τε
684 2635 762 2722 πρὸς
776 2635 876 2701 τοῖσδ’
893 2632 1031 2713 ὁπλίσας,

343 2735 422 2821 πρὸς
434 2743 527 2819 νῆσον
539 2736 717 2824 ἐστράτευσε
731 2739 788 2822 τὴν
801 2744 862 2805 τῶν
877 2737 1036 2821 Φαιάκων,

343 2842 394 2904 καὶ
408 2840 478 2926 τῇδ’
497 2843 608 2932 ἔφιστᾷ
622 2841 678 2919 τὰς
692 2839 837 2925 δυνάμεις
849 2839 1010 2924 κυκλόθεν,

343 2944 393 3006 καλ
409 2955 596 3029 κατακρατεῖ
608 2947 701 3029 τῆσδε
716 2951 797 3033 λιμῷ
810 2948 862 3010 καὶ
874 2947 939 3035 βίᾳ.

238 3039 325 3107 4130
341 3048 393 3111 καὶ
409 3048 620 3137 τρισαριστεὺς
632 3052 826 3136 Πελαγονίαν
839 3047 965 3139 φθάνει,

235 3271 319 3340 citui,
341 3272 437 3343 (4105)
461 3277 552 3344 gravis
570 3285 599 3332 et
615 3277 717 3334 cunctis
733 3281 814 3333 rebus
830 3277 977 3344 exitiosus,
1001 3275 1121 3330 Romano
1138 3274 1343 3345 imperiodare-

235 3353 314 3412 panta
334 3343 467 3412 incubuit,
503 3347 635 3400 Siouicam
680 3351 837 3402 raateudeus
862 3347 1067 3417 expeditionem.
1103 3344 1180 3397 huius
1208 3346 1342 3400 Corradus

235 3413 288 3466 dux
316 3421 374 3466 erat
397 3416 545 3482 exercitus,
572 3434 620 3471 rex
642 3436 701 3488 puis
726 3429 754 3471 et
778 3419 887 3472 Christo
905 3417 1016 3470 maxime
1031 3416 1159 3478 devotum
1182 3415 1279 3481 (4110)
1296 3416 1342 3484 qui

233 3484 297 3534 data
314 3481 425 3536 Caesari
441 3484 527 3538 iurata
544 3485 596 3540 fida
615 3488 744 3557 perfines
761 3497 866 3542 nostros
884 3487 968 3541 amica
980 3486 1160 3565 trausipurum,
1179 3501 1229 3537 neu
1245 3503 1276 3538 se
1292 3503 1341 3538 ουτ

232 3551 328 3606 milites
346 3551 404 3604 iore
422 3555 498 3606 nobis
516 3571 624 3624 nocuos,
642 3558 776 3627 adipsum
794 3555 964 3610 Constantini
979 3556 1088 3608 devenit
1103 3556 1194 3606 urbam
1211 3571 1270 3608 cum
1286 3554 1341 3606 suis

229 3615 318 3744 iiii
336 3620 637 3759 diluuii&
655 3623 1339 3764 111511113111111111113101111

229 3767 292 3816 runt
306 3759 369 3816 iter.
1237 3762 1242 3770 “

298 3829 354 3882 Iam
375 3829 518 3901 imperator
535 3831 711 3886 necessarium
731 3833 852 3886 iudicans
869 3849 927 3887 eum
945 3831 1032 3886 valido
1050 3829 1169 3885 exercitu
1185 3839 1240 3884 tam
1255 3831 1336 3900 peda·

230 3897 280 3950 stri
303 3915 379 3968 quam
403 3899 490 3954 navali
515 3903 611 3970 (4120)
633 3903 704 3955 iuria
726 3903 864 3973 suppetias
887 3902 943 3955 arci
961 3903 1144 3970 Corcyraeae,
1169 3917 1238 3969 quae
1255 3916 1336 3968 nuper

231 3965 329 4021 cludam
347 3986 363 4022 a
380 3969 470 4024 Sicuia
487 3971 572 4024 classa
590 3973 623 4023 ob
642 3971 745 4024 consilii
762 3972 963 4040 imprudentiam
982 3988 1061 4041 passa
1073 3970 1170 4037 fuerat,
1187 3969 1335 4022 huiecume

230 4035 275 4088 diu
289 4046 419 4108 noctuque
430 4040 545 4094 intentus
558 4051 628 4104 eram
647 4049 675 4093 at
686 4051 847 4110 congregato
858 4042 1032 4109 undecunque
1043 4038 1171 4108 exercitu,
1184 4040 1281 4106 (4125)
1292 4055 1333 4090 ar-

230 4105 283 4160 mis
298 4105 422 4162 horrifico
440 4110 576 4162 innumero
596 4110 676 4177 miro,
701 4121 729 4162 et
752 4112 821 4163 milia
838 4111 943 4164 navimu
962 4110 1047 4164 eiasae
1064 4108 1143 4178 plenu
1160 4107 1255 4174 milite,
1278 4123 1332 4159 eum

229 4174 272 4228 his
289 4177 401 4229 accessit
417 4179 450 4231 ad
468 4178 614 4231 Phaeauum
632 4179 742 4232 insulam
760 4194 871 4249 eamque
888 4179 991 4234 viribus
1012 4178 1135 4247 undeque
1158 4175 1332 4240 circumdedit,

230 4251 258 4295 et
281 4245 351 4295 iame
377 4247 478 4299 demum
502 4247 583 4314 vique
605 4248 757 4300 debellavit.
792 4251 887 4316 (1130)
906 4266 965 4301 τοοκ
984 4248 1069 4301 victor
1086 4246 1205 4299 venitin
1223 4245 1331 4313 Pelagu-

229 4312 313 4381 aiam,
337 4314 407 4370 uude
423 4315 558 4370 Triballoi
578 4316 677 4374 iuuusit
695 4335 744 4372 ceu
759 4318 819 4390 lau,
844 4320 891 4390 qui
908 4319 1002 4373 foedus
1024 4325 1086 4372 aute
1102 4316 1196 4372 initian
1211 4315 1331 4370 imitave-
