2967 4859
139 1029 198 1083 Kal
214 1027 407 1098 ποιμετοιρηοῖν
422 1025 475 1084 τόν
491 1028 649 1100 κατάλογον
666 1029 764 1085 σκόπει
780 1026 886 1098 Ῥιόμης
901 1025 983 1097 νέοις,
1005 1025 1136 1098 βέλτιστε,
1177 1034 1181 1047 “

493 1101 544 1168 τῆς
558 1102 782 1155 Κωνσταντίνσε.
805 1177 808 1183 Ι

78 1245 171 1312 9565
186 1243 225 1312 ε0
240 1241 454 1335 πριοτόκλητος
464 1245 609 1334 Ἀνδρίας
622 1244 811 1325 ἀποστόλων,

189 1357 245 1434 τῆς
256 1351 408 1433 εὐσεβείας
422 1351 663 1439 ίγκατασπείρων
675 1348 790 1436 σπόρον

188 1462 253 1530 τοϊς
266 1456 429 1530 Ποντικοῖς
443 1455 567 1539 κλίμασι
582 1457 632 1520 καὶ
645 1455 810 1534 Βιθυνίας,

190 1553 253 1645 ὁδῷ
267 1557 380 1643 προϊὼν
393 1560 443 1622 καὶ
458 1561 631 1640 Βυζαντίδα
646 1546 777 1646 φθόνει·

187 1657 225 1742 ἣν
241 1657 412 1746 φαιδρύνας
427 1658 574 1747 δόγμασιν
589 1663 696 1726 ἐνθέου
713 1659 815 1746 λόγου,

77 1764 170 1829 9570
185 1767 316 1852 Χριστῷ
330 1763 360 1828 τ’
380 1763 503 1850 ἀγείρας
518 1767 650 1847 εόσεβιῖιν
665 1767 837 1847 ἐκκλησίας,

186 1865 343 1950 εόκτήριον
359 1865 467 1944 τεύξας
481 1893 513 1934 τε
527 1877 592 1945 τοῖς
606 1877 723 1945 πιστοῖς
735 1864 831 1950 δόμον

186 1971 218 2034 ἓν
231 1967 428 2056 Χρυσοπόλει
442 1977 482 2058 τῇ
495 1972 659 2057 κεκλημένῃ
674 1969 771 2049 πόλει,

187 2074 347 2140 ἐπίσκοπον
361 2074 485 2158 τίθησιν
499 2076 531 2140 ἓν
543 2071 640 2162 ταότῃ
656 2070 790 2158 Στάχυν,

245 2251 316 2308 9673
340 2251 374 2305 de
395 2251 601 2319 Byzantinomm
624 2250 808 2323 episcoporum
832 2258 893 2306 ante
913 2250 1082 2306 Constantini
1098 2248 1186 2323 magni

246 2327 358 2375 aetatem
374 2321 444 2374 falsa
461 2320 541 2388 serie,
561 2338 578 2373 a
595 2321 696 2392 Stachy
711 2338 795 2391 usqae
811 2324 846 2376 ad
862 2321 986 2389 Probum,
1003 2322 1069 2374 satis
1080 2331 1187 2391 praeter

248 2391 316 2444 alios
340 2390 466 2444 disseruit
487 2389 633 2460 Leqniaine
650 2390 678 2442 in
696 2390 816 2444 Orientis
833 2391 980 2444 Christiani
1001 2400 1072 2444 tomo
1089 2392 1186 2462 primo.

246 2461 297 2513 hoc
314 2468 386 2513 certe
401 2460 547 2514 rectissime
565 2459 676 2527 dicitur,
696 2461 859 2530 suppositam
876 2459 948 2512 illurn
964 2460 1099 2513 Dorotheo
1116 2479 1186 2514 mar-

246 2531 302 2596 tyri
319 2529 449 2596 libellum,
474 2529 502 2581 in
520 2545 572 2599 quo
589 2530 724 2599 praedicte
743 2530 827 2583 series
845 2529 1014 2602 proponitur,
1038 2529 1107 2582 hand
1124 2538 1187 2583 ante

244 2599 374 2652 Photiana
390 2607 509 2668 tempora
527 2598 610 2653 luisse
627 2599 780 2668 confictum,
798 2599 1007 2670 qnandoquidem
1024 2607 1052 2652 et
1068 2599 1113 2650 ille
1128 2601 1186 2667 By-

246 2668 408 2721 zantinorum
434 2667 617 2738 episcoporum
642 2669 795 2738 catalogus,
821 2670 868 2739 qni
885 2685 901 2722 a
917 2687 959 2722 me
976 2669 1004 2720 in
1021 2667 1186 2723 collectionis

246 2737 392 2790 vaticanae
408 2738 541 2791 volumine
555 2737 641 2806 ‘primo
659 2735 784 2792 recitatus
802 2748 856 2807 est,
871 2739 966 2791 seriem
983 2738 1053 2790 illam
1070 2738 1185 2807 ignorat,

246 2805 309 2875 qnia
333 2805 459 2860 videlicet
480 2806 505 2859 is
526 2806 661 2874 catalogus
682 2818 816 2861 auctorem
833 2807 963 2861 Photiano
984 2808 1124 2860 schismate
1140 2826 1186 2861 sa·
1278 2820 1283 2833 “

246 2876 346 2928 niorem
360 2876 456 2930 habet:
473 2875 572 2928 desinit
587 2875 654 2928 enim
671 2875 700 2927 in
716 2876 854 2929 Methodio
871 2878 901 2943 Ι,
917 2877 963 2946 qni
980 2884 1096 2929 sanctum
1113 2876 1183 2930 illurn

244 2945 374 3012 ignatium
391 2945 546 3065 ppaecessit,
563 2953 654 2997 contra
672 2961 748 3014 quem
765 2946 876 2999 Photius
892 2954 1021 3013 tyrannus
1038 2947 1184 3000 debaccha-

244 3022 357 3066 tuaest.
418 3013 578 3082 phrasmium
601 3016 750 3083 praesentis
775 3015 889 3084 catalogi
909 3025 1041 3066 auctorem
1058 3015 1185 3068 schisma-

244 3083 298 3134 tico
315 3083 399 3134 luisse
416 3083 516 3150 tunimo,
543 3081 608 3135 satis
625 3083 806 3152 cognoscimus
824 3103 857 3137 ex
874 3083 960 3136 Alexii
973 3085 1015 3136 ΙΙΙ
1029 3081 1181 3137 Theodori·

245 3169 296 3220 que
308 3153 323 3204 1
335 3153 409 3205 vitis.
435 3153 459 3204 is
472 3151 563 3220 igitur,
578 3157 607 3204 nt
619 3152 662 3204 elii
675 3153 748 3222 paris
759 3152 888 3221 dogmatis
900 3152 1065 3223 partiumque
1076 3155 1184 3222 Graeci,

245 3220 340 3274 seriem
376 3221 533 3288 mediatam,
555 3221 641 3275 invita
657 3222 720 3275 licet
736 3222 867 3290 veritate,
884 3239 938 3274 non
955 3230 997 3276 est
1013 3232 1183 3293 aspernatum

244 3239 374 3360 quesnel
390 3290 493 3359 patriae
509 3290 625 3360 gloriae,
653 3301 683 3344 ut
698 3292 746 3360 fit,
772 3291 852 3344 nimio
870 3307 976 3359 amore,
999 3291 1044 3345 vel
1061 3293 1096 3344 oh
1113 3291 1182 3345 falso

242 3360 453 3428 exaggerandam
465 3361 607 3429 Byzantini
623 3361 792 3444 episcopatus
807 3361 1004 3430 antiquitatem,
1021 3368 1113 3415 eontra
1126 3363 1183 3416 Ro-

241 3445 334 3481 manaa
351 3429 478 3482 ecclesiae
497 3437 713 3500 praerogativas,
743 3431 855 3483 conficta
871 3431 932 3483 fuit.
969 3440 1011 3484 eet
1027 3431 1109 3500 igitur
1126 3432 1183 3501 pri-

241 3513 298 3551 mns
323 3497 448 3565 Byzantii
471 3499 594 3552 indubius
617 3499 756 3582 episcopus
773 3498 819 3552 ille
837 3498 1024 3570 Metrophanes
1041 3503 1091 3554 sub
1108 3502 1183 3553 Con-

241 3566 357 3619 stantino
379 3585 489 3638 magno,
517 3567 563 3620 vel
582 3578 670 3637 potrus
687 3570 736 3622 sub
754 3569 856 3622 Severo
873 3569 1033 3640 imperatore
1048 3569 1184 3622 Philadel-

241 3635 325 3703 phua,
348 3640 489 3690 secundum
505 3637 652 3690 Simeonem
665 3637 886 3707 Metaphrastsm=
907 3639 1078 3708 nequeenim
1095 3639 1183 3691 credi-

241 3703 295 3757 bile
321 3705 426 3759 videtur
447 3707 604 3773 Byzantium
628 3707 698 3760 haud
721 3706 865 3776 ignobilem
883 3711 973 3763 urbem
990 3708 1107 3761 carnisse
1123 3708 1183 3776 epi-

239 3790 322 3845 scopo
337 3776 468 3847 usquead
483 3792 567 3830 novae
580 3776 654 3830 urbis
669 3777 833 3830 fundatorem
849 3778 893 3831 vel
906 3777 995 3849 potius
1011 3776 1113 3863 peteris
1127 3793 1183 3830 am-

127 3924 354 3982 Potrc'arclsarnm
372 3931 462 4001 accipe
478 3947 556 3984 nanc
570 3931 729 4002 catalogum
745 3933 868 3986 novellae
885 3933 988 3985 Rornae
1010 3931 1131 4015 Cpolcos.

143 4028 241 4098 (9565)
258 4031 441 4100 Apostolorum
457 4033 576 4087 Andreas
592 4034 755 4103 protocletas
771 4051 830 4088 curu
844 4032 981 4102 religiosus
996 4051 1079 4087 verae
1093 4051 1184 4088 semen

72 4108 215 4166 spargeret
237 4117 287 4168 per
309 4101 388 4155 Ponti
410 4103 533 4170 regiones
556 4121 588 4156 ac
611 4103 769 4172 Bithyniae,
793 4104 863 4158 ultra
883 4120 1040 4174 progressus
1059 4105 1183 4173 pervenit

73 4164 245 4234 Byzantium3
263 4185 339 4237 quam
357 4189 413 4225 curn
431 4172 522 4226 divino
540 4173 623 4226 uerho
639 4173 800 4233 illustrasset
815 4175 906 4226 arbem
922 4173 1018 4239 (9570)
1035 4182 1065 4226 et
1080 4174 1183 4226 contia-
1285 4205 1289 4212 ·

73 4237 158 4289 visset
183 4237 290 4290 Christo
314 4241 474 4294 credentium
500 4250 617 4310 coetum,
648 4245 739 4296 aedem
766 4241 859 4295 orandi
883 4258 963 4296 cause
986 4241 1039 4312 piis
1061 4241 1183 4298 fidelihus

74 4306 227 4360 aedificavit
242 4311 362 4376 proxima
377 4311 406 4364 io
425 4311 601 4383 Chrysopoli,
622 4312 813 4384 constituitque
830 4311 981 4384 episcopum
997 4310 1037 4366 ihi
1052 4311 1184 4383 stachyn,

1238 2315 1245 2346 λ
