2967 4859
245 276 317 349 128
660 274 933 343 EPHRAEMIUS

461 433 709 520 Κανοτιιντῖνοςά
727 434 857 511 ἀδελφός
871 435 963 495 nicei
981 436 1029 509 ἔτη
1046 435 1074 512 β’
1092 437 1132 497 δ’.

241 560 327 623 2920
344 550 467 620 Τοίπον
485 548 732 637 μεταλλάξαντος
753 554 786 618 ἐν
806 551 887 644 γήρα
904 554 974 636 βίον

194 668 201 676 ’
346 660 579 734 Κιονσταντῖνος
592 654 742 739 σύναιμος
755 654 842 743 ἀρχει
855 664 909 723 τοῦ
924 653 1077 745 κράτους,

348 759 438 847 όηκον
452 762 508 843 μὲν
524 760 627 843 αδχῶν
640 760 816 844 σωματικὸν
830 763 882 825 καὶ
895 763 1007 839 σθένος
1011 814 1022 842 ,

349 866 448 942 δειλός
462 865 496 930 δι’
512 862 641 947 πάμπαν
653 865 801 951 καρδίαν,
827 864 980 948 ἀνειμίνος
986 914 998 947 ,

347 968 449 1053 ἤθους
463 966 607 1057 πεφυκὼς
619 973 787 1052 μαλθακοῦ
805 970 856 1032 καὶ
873 967 1037 1059 ῥρθόμου,

245 1075 331 1141 2925
347 1078 569 1160 θεατρομανοῖν
582 1074 633 1136 καὶ
647 1069 754 1154 κόβοις
767 1074 964 1159 προσανίχων

349 1186 483 1264 τρυφαῖς
497 1202 548 1254 τε,
568 1172 685 1258 κάμοις
698 1176 892 1264 ἀφροδισίοις
902 1178 1018 1259 μίθαις

348 1277 556 1365 ἡδυπαθείαις
571 1280 747 1367 ἐντρυφῶν,
772 1282 956 1361 συσσιτίοις,

349 1386 419 1467 βίον
431 1389 510 1466 βιῶν
522 1381 665 1469 ἀντικρυς
681 1381 948 1469 Σαρδαναπάλου,

351 1486 484 1573 ἀθυρμα
497 1493 571 1570 πᾶσι
586 1471 761 1574 βαρβάροις
776 1484 968 1567 ἀντιπάλοις,

248 1594 336 1658 2930
350 1583 393 1657 διν
409 1588 508 1677 ὁρμάς
524 1589 583 1655 οιίιι
594 1589 689 1676 ἴκρινε
705 1592 768 1655 δεῖν
784 1588 890 1669 ὅπλοις
906 1592 1025 1680 τρίπειν

351 1693 373 1779 ἢ
389 1690 581 1761 συνελαύνειν
594 1702 678 1781 σφᾶς
690 1696 771 1781 ξίφει
787 1694 865 1782 πρὸς
878 1697 1010 1775 δειλίαν,
1034 1768 1036 1779 ,

352 1795 507 1883 δπηκόονς
522 1798 557 1863 δὲ
572 1796 794 1883 καλαμιόμενος
810 1796 919 1889 φόροις

354 1900 531 1990 εἰσπράξεσί
544 1928 576 1969 τε
592 1904 802 1980 παντοδαπαῖς
817 1900 961 1986 συχνάκις

353 2007 503 2085 ἐδεξιοῦτο
523 2007 652 2092 δωρεαῖς
667 2012 754 2093 σφᾶς
767 2004 922 2093 ἀφθόνοις
1023 2077 1025 2087 ,

251 2110 337 2175 2935
354 2116 415 2175 τῶν
427 2106 610 2192 ἀξιωμάτων
626 2135 658 2176 τε
673 2120 738 2187 τοῖς
754 2106 946 2198 ὑπερτάταις.

356 2211 437 2280 οότοι
452 2211 639 2301 κατεπράϋνε
652 2208 825 2301 βαρβάρων
839 2210 977 2301 θράσος·

356 2321 516 2400 διαβολαῖς
532 2317 566 2382 δ’
587 2315 719 2384 εόεικτον
735 2309 789 2395 οδς
803 2309 842 2402 ἦν
857 2314 988 2400 όπίχοιν,

354 2419 466 2507 ἥττητο
484 2426 592 2503 θυμοῦ
606 2424 656 2487 καὶ
674 2418 796 2507 φθόνου
812 2421 863 2486 καὶ
878 2422 996 2500 κακίας.

356 2524 448 2591 ταῦτ’
464 2522 526 2611 ἀρα
539 2525 672 2601 πολλοὺς
688 2524 829 2610 δστίρησε
845 2532 902 2592 τοῦ
916 2526 1005 2607 βίου,

255 2625 341 2694 2940
358 2626 509 2693 ἄλλωνδ’
526 2623 640 2713 ἐπήρου
656 2626 713 2703 τὰς
725 2624 821 2712 κόρας
835 2634 895 2695 τῶν
910 2627 1058 2713 δμμάτιον

359 2732 393 2808 ἐξ
406 2727 553 2807 δπονοίας
566 2731 618 2794 καὶ
632 2735 729 2814 ψιλῆς
741 2726 891 2815 δποψίας.

359 2836 421 2899 ἐπεὶ
438 2834 472 2898 δι’
485 2830 654 2920 τετρόχωτο
669 2830 750 2925 γήρᾳ
766 2837 816 2899 καὶ
829 2831 933 2912 νόσοις

360 2940 412 3003 καὶ
424 2934 572 3025 καθειόρα
587 2934 797 3025 προσδόκιμον
812 2938 846 3005 τό
859 2940 982 3026 μίτραν,

354 3039 600 3131 Ἀργυρόπουλον
610 3038 767 3127 Ῥωμανόν
785 3037 1017 3131 προσλαμβάνει
1023 3088 1042 3123 ,.

481 3320 678 3375 coenantium
695 3321 792 3375 Basilii
803 3324 897 3391 frater
914 3336 960 3375 οιι.
977 3322 996 3377 2
1011 3336 1095 3373 meno.
1113 3318 1142 3374 6.

293 3470 295 3473 ⁴
327 3406 425 3475 (2920)
443 3406 586 3476 Postquam
603 3408 759 3477 grandaeva
776 3416 865 3463 aetate
882 3406 926 3461 bic
943 3414 1051 3463 mortem
1070 3404 1151 3473 obiit,
1178 3404 1374 3461 Constantinus

259 3478 345 3531 irater
367 3475 506 3547 imperium
530 3477 630 3546 tenuit,
660 3488 764 3533 vastum
788 3476 893 3549 quidem
917 3494 1013 3547 corpus
1037 3476 1163 3544 viresqne
1180 3475 1299 3543 iactans,
1324 3475 1373 3528 ced

258 3556 349 3603 tamen
377 3545 458 3599 corde
483 3545 591 3600 timidus
618 3555 646 3601 et
675 3547 823 3615 infractus,
861 3546 932 3601 molli
960 3563 1059 3600 morum
1092 3561 1193 3614 genere
1219 3553 1247 3597 et
1272 3544 1372 3613 ignaw

252 3617 355 3685 (2925)
373 3614 472 3669 theatri
489 3623 568 3685 atque
586 3616 660 3670 aleae
676 3618 766 3672 studio
783 3617 898 3686 deditus,
926 3615 1039 3681 deliciis,
1065 3632 1175 3683 ganeae,
1203 3613 1267 3667 vino
1287 3625 1315 3667 et
1330 3612 1373 3665 rei

260 3698 408 3748 venereae,
435 3684 600 3754 voluptatum
625 3686 783 3757 mancipium
808 3694 889 3756 atque
905 3686 999 3757 gulae,
1026 3684 1253 3739 aemulam'vitam
1271 3682 1371 3753 degens

259 3752 455 3824 Sardanapalo,
479 3756 601 3809 barbaris
619 3757 720 3811 cunetis
737 3756 858 3809 hostibus
881 3754 1025 3825 ludibrio,¹
1040 3756 1136 3823 (2930)
1155 3769 1265 3823 quorum
1281 3752 1373 3806 iucur-

260 3844 317 3879 sum
342 3824 412 3878 haud
436 3823 516 3878 armis
539 3824 669 3894 repellere
690 3843 741 3879 nec
764 3824 860 3895 gladiis
888 3825 1044 3897 propulsare
1074 3825 1107 3877 ob
1130 3832 1225 3877 metum
1251 3820 1373 3885 censuit3

262 3913 353 3950 verum
376 3893 483 3947 tributis
507 3894 628 3949 subditos
654 3904 790 3961 atterens,
817 3894 950 3964 multaque
968 3904 995 3949 et
1012 3892 1088 3948 varia
1104 3892 1163 3947 sine
1179 3893 1234 3946 fine
1250 3892 1371 3961 exigens,

260 3966 391 4019 barbaros
407 3962 558 4017 deleniebat
575 3965 702 4018 donorum
719 3964 837 4032 cumulo,
867 3964 963 4033 (2935)
981 3963 1093 4019 conlatis
1110 3963 1190 4016 etiam
1207 3962 1313 4015 summis
1329 3960 1372 4012 di·

260 4034 420 4103 gnitatibus,
444 4031 484 4087 sic
501 4034 671 4088 barbarorum
689 4033 814 4101 mitigans
830 4033 968 4087 ferociam.
1012 4032 1148 4088 calumniis
1163 4037 1251 4085 autem
1268 4028 1372 4083 facilem

261 4120 351 4156 aurem
367 4104 507 4174 praebens,
525 4101 689 4170 iracundiae,
705 4103 834 4172 invidiae,
854 4102 1012 4173 malignitati
1028 4101 1173 4171 obnoxius,
1192 4101 1286 4154 multos
1302 4116 1372 4153 mor·

261 4171 330 4226 tales
347 4171 474 4243 spoliavit
490 4172 565 4235 vita3
591 4173 686 4239 (2940)
704 4171 838 4227 oculorum
856 4174 923 4227 alios
940 4172 1047 4227 orbavit
1063 4170 1177 4235 lumina,
1194 4169 1371 4241 suspicionum

262 4248 393 4295 momento
415 4240 543 4311 impulsus
561 4240 627 4295 levi.
662 4243 764 4296 demnm
789 4250 898 4297 senecta
926 4251 954 4296 et
978 4242 1084 4296 morbis
1101 4240 1283 4308 conflictatus,
1306 4238 1372 4291 iam-

262 4327 316 4382 quo
344 4310 445 4366 instare
473 4326 584 4365 cerneus
613 4310 687 4367 vitae
710 4312 805 4382 finem,
838 4312 986 4369 Romanum
1007 4310 1202 4385 Argyropnium
1226 4307 1371 4381 adoptavit,
